
<marc:record><marc:leader>00795cam a22001933  4500</marc:leader>
<marc:controlfield tag="001">000015057</marc:controlfield>
<marc:controlfield tag="003">Uk</marc:controlfield><marc:controlfield tag="005">20130716171200.0</marc:controlfield><marc:controlfield tag="008">870814|1858||||enk    ||     ||| ||eng  </marc:controlfield><marc:datafield tag="040" ind1=" " ind2=" "><marc:subfield code="a">Uk</marc:subfield><marc:subfield code="c">Uk</marc:subfield></marc:datafield><marc:datafield tag="100" ind1="1" ind2=" "><marc:subfield code="a">Adams, Ernest.</marc:subfield></marc:datafield><marc:datafield tag="245" ind1="1" ind2="4"><marc:subfield code="a">The Elements of the English Language.</marc:subfield></marc:datafield><marc:datafield tag="260" ind1=" " ind2=" "><marc:subfield code="a">London :</marc:subfield><marc:subfield code="b">Bell &amp; Daldy,</marc:subfield><marc:subfield code="c">1858.</marc:subfield></marc:datafield><marc:datafield tag="300" ind1=" " ind2=" "><marc:subfield code="a">vii, 183 p. ;</marc:subfield><marc:subfield code="c">8º.</marc:subfield></marc:datafield><marc:datafield tag="700" ind1="1" ind2=" "><marc:subfield code="a">DAVIS, John Francis,</marc:subfield><marc:subfield code="c">D.Lit., M.A., LL.B.</marc:subfield></marc:datafield><marc:datafield tag="775" ind1="0" ind2=" "><marc:subfield code="t">[The Elements of the English Language.]</marc:subfield><marc:subfield code="d">pp. vii. 253. Bell &amp; Daldy: London, 1862. 8º.</marc:subfield><marc:subfield code="w">(Uk)MP1.0000017410.1</marc:subfield></marc:datafield><marc:datafield tag="775" ind1="0" ind2=" "><marc:subfield code="t">[The Elements of the English Language.]</marc:subfield><marc:subfield code="d">pp. iii. 326. Bell &amp; Sons: London, 1892. 8º.</marc:subfield><marc:subfield code="w">(Uk)MP1.0000017410.2</marc:subfield></marc:datafield><marc:datafield tag="852" ind1="4" ind2="1"><marc:subfield code="a">British Library</marc:subfield><marc:subfield code="b">HMNTS</marc:subfield><marc:subfield code="j">12983.d.6.</marc:subfield></marc:datafield><marc:datafield tag="886" ind1="2" ind2=" "><marc:subfield code="2">blmarc</marc:subfield><marc:subfield code="a">709</marc:subfield><marc:subfield code="b">00</marc:subfield><marc:subfield code="a">DAVIS</marc:subfield><marc:subfield code="h">John Francis</marc:subfield><marc:subfield code="f">D.Lit., M.A., LL.B.</marc:subfield><marc:subfield code="p">12985.d.22.</marc:subfield><marc:subfield code="x">0781140137</marc:subfield></marc:datafield></marc:record>