
<marc:record><marc:leader>00668cam a22001573  4500</marc:leader>
<marc:controlfield tag="001">000015108</marc:controlfield>
<marc:controlfield tag="003">Uk</marc:controlfield><marc:controlfield tag="005">20101223154100.0</marc:controlfield><marc:controlfield tag="008">870814|1900|||||||    ||     ||| ||eng  </marc:controlfield><marc:datafield tag="040" ind1=" " ind2=" "><marc:subfield code="a">Uk</marc:subfield><marc:subfield code="c">Uk</marc:subfield></marc:datafield><marc:datafield tag="100" ind1="1" ind2=" "><marc:subfield code="a">Adams, Florence Davenport.</marc:subfield></marc:datafield><marc:datafield tag="245" ind1="1" ind2="4"><marc:subfield code="a">The Fairy Blossom, etc. (The Little Folks' Work.-A King in Disguise.-Princess Marguerite's Choice.-The Sleepers Awakened.-A Midsummer Frolic.-The Lady Cecil.-A Home Fairy.-The Three Fairy Gifts.-Prince or Peasant.-Snowwhite.-The Magician and the Ring.).</marc:subfield></marc:datafield><marc:datafield tag="260" ind1=" " ind2=" "><marc:subfield code="a">12 pt. Samuel French: London, New York, [1900?]</marc:subfield></marc:datafield><marc:datafield tag="300" ind1=" " ind2=" "><marc:subfield code="a">12º.</marc:subfield></marc:datafield><marc:datafield tag="490" ind1="0" ind2=" "><marc:subfield code="a">[Children's Plays. no. 1-12.]</marc:subfield></marc:datafield><marc:datafield tag="852" ind1="4" ind2="1"><marc:subfield code="a">British Library</marc:subfield><marc:subfield code="b">HMNTS</marc:subfield><marc:subfield code="j">W.P.7157/1-12.</marc:subfield></marc:datafield></marc:record>