
<marc:record><marc:leader>00651 am a22001453  4500</marc:leader>
<marc:controlfield tag="001">000015109</marc:controlfield>
<marc:controlfield tag="003">Uk</marc:controlfield><marc:controlfield tag="005">20091125221600.0</marc:controlfield><marc:controlfield tag="008">870814|1812|||||||    ||     ||| |||||  </marc:controlfield><marc:datafield tag="040" ind1=" " ind2=" "><marc:subfield code="a">Uk</marc:subfield><marc:subfield code="c">Uk</marc:subfield></marc:datafield><marc:datafield tag="100" ind1="1" ind2=" "><marc:subfield code="a">ADAMS, Frances.</marc:subfield></marc:datafield><marc:datafield tag="245" ind1="1" ind2="3"><marc:subfield code="a">An Essay on the Effects of Education, combined with Religious Instruction, and on the means of facilitating the tuition of children in the lower classes of life, containing an appeal to directors and guardians of houses of industry; a brief statement of the school in the Smallburgh House, etc.</marc:subfield></marc:datafield><marc:datafield tag="260" ind1=" " ind2=" "><marc:subfield code="a">Norwich :</marc:subfield><marc:subfield code="b">Bacon, Kinnebrook &amp; Co.,</marc:subfield><marc:subfield code="c">1812.</marc:subfield></marc:datafield><marc:datafield tag="300" ind1=" " ind2=" "><marc:subfield code="a">33 p. ;</marc:subfield><marc:subfield code="c">8º.</marc:subfield></marc:datafield><marc:datafield tag="852" ind1="4" ind2="1"><marc:subfield code="a">British Library</marc:subfield><marc:subfield code="b">HMNTS</marc:subfield><marc:subfield code="j">8307.a.49.</marc:subfield></marc:datafield></marc:record>