
<marc:record><marc:leader>00639 am a22001693  4500</marc:leader>
<marc:controlfield tag="001">000015116</marc:controlfield>
<marc:controlfield tag="003">Uk</marc:controlfield><marc:controlfield tag="005">20091125221600.0</marc:controlfield><marc:controlfield tag="008">870814|1869|||||||    ||     ||| |||||  </marc:controlfield><marc:datafield tag="040" ind1=" " ind2=" "><marc:subfield code="a">Uk</marc:subfield><marc:subfield code="c">Uk</marc:subfield></marc:datafield><marc:datafield tag="100" ind1="1" ind2=" "><marc:subfield code="a">ADAMS, Francis,</marc:subfield><marc:subfield code="c">of Birmingham.</marc:subfield></marc:datafield><marc:datafield tag="245" ind1="1" ind2="0"><marc:subfield code="a">Lord Brougham.</marc:subfield></marc:datafield><marc:datafield tag="260" ind1=" " ind2=" "><marc:subfield code="a">pp. 26. Simpkin, Marshall &amp; Co.: London; Cornish Bros.: Birmingham, 1869.</marc:subfield></marc:datafield><marc:datafield tag="300" ind1=" " ind2=" "><marc:subfield code="a">8º.</marc:subfield></marc:datafield><marc:datafield tag="700" ind1="1" ind2=" "><marc:subfield code="a">Brougham and Vaux, Henry Brougham,</marc:subfield><marc:subfield code="c">Baron,</marc:subfield><marc:subfield code="d">1778-1868.</marc:subfield><marc:subfield code="t">Appendix. Biography.</marc:subfield></marc:datafield><marc:datafield tag="852" ind1="4" ind2="1"><marc:subfield code="a">British Library</marc:subfield><marc:subfield code="b">HMNTS</marc:subfield><marc:subfield code="j">10817.cc.21.(9.)</marc:subfield></marc:datafield><marc:datafield tag="886" ind1="2" ind2=" "><marc:subfield code="2">blmarc</marc:subfield><marc:subfield code="a">709</marc:subfield><marc:subfield code="b">00</marc:subfield><marc:subfield code="a">BROUGHAM</marc:subfield><marc:subfield code="h">Henry Peter</marc:subfield><marc:subfield code="f">Baron Brougham and Vaux</marc:subfield><marc:subfield code="t">Appendix</marc:subfield><marc:subfield code="t">Biography</marc:subfield><marc:subfield code="p">10817.cc.21.(9.)</marc:subfield><marc:subfield code="x">044088022X</marc:subfield></marc:datafield></marc:record>