
<marc:record><marc:leader>00877 am a22001813  4500</marc:leader>
<marc:controlfield tag="001">000015124</marc:controlfield>
<marc:controlfield tag="003">Uk</marc:controlfield><marc:controlfield tag="005">20091125221600.0</marc:controlfield><marc:controlfield tag="008">870814|1853|||||||    ||     ||| |||||  </marc:controlfield><marc:datafield tag="040" ind1=" " ind2=" "><marc:subfield code="a">Uk</marc:subfield><marc:subfield code="c">Uk</marc:subfield></marc:datafield><marc:datafield tag="100" ind1="1" ind2=" "><marc:subfield code="a">ADAMS, Francis Colburn.</marc:subfield></marc:datafield><marc:datafield tag="245" ind1="1" ind2="0"><marc:subfield code="a">Uncle Tom at Home. A review of the reviewers and repudiators of Uncle Tom's Cabin by Mrs. Stowe.</marc:subfield></marc:datafield><marc:datafield tag="260" ind1=" " ind2=" "><marc:subfield code="a">Philadelphia :</marc:subfield><marc:subfield code="b">W. P. Hazard,</marc:subfield><marc:subfield code="c">1853.</marc:subfield></marc:datafield><marc:datafield tag="300" ind1=" " ind2=" "><marc:subfield code="a">142 p. ;</marc:subfield><marc:subfield code="c">12º.</marc:subfield></marc:datafield><marc:datafield tag="700" ind1="1" ind2=" "><marc:subfield code="a">Stowe, Harriet Beecher,</marc:subfield><marc:subfield code="d">1811-1896</marc:subfield><marc:subfield code="t">Uncle Tom's Cabin. Appendix.</marc:subfield></marc:datafield><marc:datafield tag="775" ind1="0" ind2=" "><marc:subfield code="t">[Uncle Tom at Home. A review of the reviewers and repudiators of Uncle Tom's Cabin by Mrs. Stowe.]</marc:subfield><marc:subfield code="d">pp. vii. 151. Clarke, Beeton, &amp; Co.: London, [1853.] 16º.</marc:subfield><marc:subfield code="w">(Uk)MP1.0000017475.1</marc:subfield></marc:datafield><marc:datafield tag="852" ind1="4" ind2="1"><marc:subfield code="a">British Library</marc:subfield><marc:subfield code="b">HMNTS</marc:subfield><marc:subfield code="j">8156.a.4.</marc:subfield></marc:datafield><marc:datafield tag="886" ind1="2" ind2=" "><marc:subfield code="2">blmarc</marc:subfield><marc:subfield code="a">709</marc:subfield><marc:subfield code="b">00</marc:subfield><marc:subfield code="a">STOWE</marc:subfield><marc:subfield code="h">Harriet Elizabeth Beecher</marc:subfield><marc:subfield code="t">Uncle Tom's Cabin</marc:subfield><marc:subfield code="t">Appendix</marc:subfield><marc:subfield code="p">12705.c.14.</marc:subfield><marc:subfield code="x">3150850339</marc:subfield><marc:subfield code="p">8156.a.4.</marc:subfield><marc:subfield code="x">3150850320</marc:subfield></marc:datafield></marc:record>