
<marc:record><marc:leader>00560cam a22001693  4500</marc:leader>
<marc:controlfield tag="001">000015131</marc:controlfield>
<marc:controlfield tag="003">Uk</marc:controlfield><marc:controlfield tag="005">20130502171500.0</marc:controlfield><marc:controlfield tag="008">870814|1889||||enk    ||     ||| ||eng  </marc:controlfield><marc:datafield tag="040" ind1=" " ind2=" "><marc:subfield code="a">Uk</marc:subfield><marc:subfield code="c">Uk</marc:subfield></marc:datafield><marc:datafield tag="100" ind1="1" ind2=" "><marc:subfield code="a">ADAMS, Francis Ottiwell,</marc:subfield><marc:subfield code="c">Sir,</marc:subfield><marc:subfield code="c">and CUNNINGHAM (Carus Dunlop)</marc:subfield></marc:datafield><marc:datafield tag="245" ind1="1" ind2="4"><marc:subfield code="a">The Swiss Confederation ... With a map.</marc:subfield></marc:datafield><marc:datafield tag="260" ind1=" " ind2=" "><marc:subfield code="a">London :</marc:subfield><marc:subfield code="b">Macmillan &amp; Co.,</marc:subfield><marc:subfield code="c">1889.</marc:subfield></marc:datafield><marc:datafield tag="300" ind1=" " ind2=" "><marc:subfield code="a">xx, 289 p. ;</marc:subfield><marc:subfield code="c">8º.</marc:subfield></marc:datafield><marc:datafield tag="700" ind1="1" ind2=" "><marc:subfield code="a">CUNNINGHAM, Carus Dunlop.</marc:subfield></marc:datafield><marc:datafield tag="852" ind1="4" ind2="1"><marc:subfield code="a">British Library</marc:subfield><marc:subfield code="b">HMNTS</marc:subfield><marc:subfield code="j">2238.e.3.</marc:subfield></marc:datafield><marc:datafield tag="886" ind1="2" ind2=" "><marc:subfield code="2">blmarc</marc:subfield><marc:subfield code="a">709</marc:subfield><marc:subfield code="b">00</marc:subfield><marc:subfield code="a">CUNNINGHAM</marc:subfield><marc:subfield code="h">Carus Dunlop</marc:subfield><marc:subfield code="p">2238.e.3.</marc:subfield><marc:subfield code="x">074205005X</marc:subfield></marc:datafield></marc:record>