
<marc:record><marc:leader>01009 am a22001813  4500</marc:leader>
<marc:controlfield tag="001">000015179</marc:controlfield>
<marc:controlfield tag="003">Uk</marc:controlfield><marc:controlfield tag="005">20091125221700.0</marc:controlfield><marc:controlfield tag="008">040315|1876|||||||    ||     ||| |||||  </marc:controlfield><marc:datafield tag="040" ind1=" " ind2=" "><marc:subfield code="a">Uk</marc:subfield><marc:subfield code="c">Uk</marc:subfield></marc:datafield><marc:datafield tag="100" ind1="1" ind2=" "><marc:subfield code="a">ADAMS, Frank Mantell.</marc:subfield></marc:datafield><marc:datafield tag="245" ind1="1" ind2="3"><marc:subfield code="a">[A treatise on the law of trade-marks.]</marc:subfield></marc:datafield><marc:datafield tag="260" ind1=" " ind2=" "><marc:subfield code="a">London: Butterworths, 7 Fleet Street, 1876.</marc:subfield></marc:datafield><marc:datafield tag="300" ind1=" " ind2=" "><marc:subfield code="a">(printed by William Clowes and Sons). viii, 213, [1]p., 23 cm.</marc:subfield></marc:datafield><marc:datafield tag="500" ind1=" " ind2=" "><marc:subfield code="a">With a half-title. With a 48p. catalogue of law works published by Messrs. Butterworth, at end of text. Printer's name from colophon. With the stamp of the Patent Office Library.</marc:subfield></marc:datafield><marc:datafield tag="787" ind1="0" ind2=" "><marc:subfield code="t">A treatise on the law of trade-marks.</marc:subfield><marc:subfield code="d">London: George Bell and Sons; (Printed by William Clowes and Sons), 1874. viii, 176p. 22 cm.</marc:subfield><marc:subfield code="w">(Uk)MP1.0000017525</marc:subfield></marc:datafield><marc:datafield tag="852" ind1="4" ind2="1"><marc:subfield code="a">British Library</marc:subfield><marc:subfield code="b">HMNTS</marc:subfield><marc:subfield code="j">(B) BF 60 Law</marc:subfield><marc:subfield code="3">[Second issue.]</marc:subfield></marc:datafield><marc:datafield tag="852" ind1="4" ind2="1"><marc:subfield code="a">British Library</marc:subfield><marc:subfield code="b">HMNTS</marc:subfield><marc:subfield code="j">Mic.A.6551.(5.)</marc:subfield><marc:subfield code="3">[Another copy.] London: Butterworths, 1876. viii, 213p. B8º.***Microfilm. Made from a copy in the Bodleian Library.</marc:subfield></marc:datafield></marc:record>