
<marc:record><marc:leader>00932 am a22001933  4500</marc:leader>
<marc:controlfield tag="001">000015238</marc:controlfield>
<marc:controlfield tag="003">Uk</marc:controlfield><marc:controlfield tag="005">20091125221700.0</marc:controlfield><marc:controlfield tag="008">870814|1810|||||||    ||     ||| |||||  </marc:controlfield><marc:datafield tag="040" ind1=" " ind2=" "><marc:subfield code="a">Uk</marc:subfield><marc:subfield code="c">Uk</marc:subfield></marc:datafield><marc:datafield tag="100" ind1="1" ind2=" "><marc:subfield code="a">ADAMS, George,</marc:subfield><marc:subfield code="c">Mathematical Instrument Maker, the Elder.</marc:subfield></marc:datafield><marc:datafield tag="245" ind1="1" ind2="3"><marc:subfield code="a">[A Treatise describing the Construction, and explaining the Use of New Celestial and Terrestrial Globes ... The fifth edition, etc.]</marc:subfield></marc:datafield><marc:datafield tag="250" ind1=" " ind2=" "><marc:subfield code="a">The thirtieth edition ... Now published by Dudley Adams.</marc:subfield></marc:datafield><marc:datafield tag="260" ind1=" " ind2=" "><marc:subfield code="a">pp. xxiv. 242. pl. 14. [D. Adams:] London, 1810.</marc:subfield></marc:datafield><marc:datafield tag="300" ind1=" " ind2=" "><marc:subfield code="a">8º.</marc:subfield></marc:datafield><marc:datafield tag="700" ind1="1" ind2=" "><marc:subfield code="a">ADAMS, Dudley.</marc:subfield></marc:datafield><marc:datafield tag="787" ind1="0" ind2=" "><marc:subfield code="t">A Treatise describing the Construction, and explaining the Use of New Celestial and Terrestrial Globes ... The fifth edition, etc.</marc:subfield><marc:subfield code="d">pp. xvi. 345. 10. viii. pl. 14. The Author: London, 1782. 8º.</marc:subfield><marc:subfield code="w">(Uk)MP1.0000017583</marc:subfield></marc:datafield><marc:datafield tag="852" ind1="4" ind2="1"><marc:subfield code="a">British Library</marc:subfield><marc:subfield code="b">HMNTS</marc:subfield><marc:subfield code="j">8562.d.4.</marc:subfield></marc:datafield><marc:datafield tag="886" ind1="2" ind2=" "><marc:subfield code="2">blmarc</marc:subfield><marc:subfield code="a">709</marc:subfield><marc:subfield code="b">00</marc:subfield><marc:subfield code="a">ADAMS</marc:subfield><marc:subfield code="h">Dudley</marc:subfield><marc:subfield code="p">8562.d.4.</marc:subfield><marc:subfield code="x">0021670293</marc:subfield></marc:datafield></marc:record>