
<marc:record><marc:leader>01045cam a22001933  4500</marc:leader>
<marc:controlfield tag="001">000015259</marc:controlfield>
<marc:controlfield tag="003">Uk</marc:controlfield><marc:controlfield tag="005">20051230144330.0</marc:controlfield><marc:controlfield tag="008">030814|1803|||||||    ||     ||| |||||  </marc:controlfield><marc:datafield tag="040" ind1=" " ind2=" "><marc:subfield code="a">Uk</marc:subfield><marc:subfield code="c">Uk</marc:subfield></marc:datafield><marc:datafield tag="100" ind1="1" ind2=" "><marc:subfield code="a">ADAMS, George,</marc:subfield><marc:subfield code="c">Mathematical Instrument Maker, the Younger.</marc:subfield></marc:datafield><marc:datafield tag="245" ind1="1" ind2="0"><marc:subfield code="a">Geometrical and Graphical Essays, containing a general description of the mathematical instruments used in geometry, civil and military surveying, levelling and perspective; with many new practical problems. Illustrated by thirty-four copper plates ... The third edition, corrected and enlarged, etc.</marc:subfield></marc:datafield><marc:datafield tag="260" ind1=" " ind2=" "><marc:subfield code="a">London: printed by W. Glendinning; for and sold by W. and S. Jones, opticians, 1803.</marc:subfield></marc:datafield><marc:datafield tag="300" ind1=" " ind2=" "><marc:subfield code="a">[2]p., xxxiv folded leaves of plates; (8º); 22 cm.</marc:subfield></marc:datafield><marc:datafield tag="500" ind1=" " ind2=" "><marc:subfield code="a">Plates only.</marc:subfield></marc:datafield><marc:datafield tag="500" ind1=" " ind2=" "><marc:subfield code="a">With the stamp of the Patent Office Library.</marc:subfield></marc:datafield><marc:datafield tag="700" ind1="1" ind2=" "><marc:subfield code="a">JONES, William</marc:subfield><marc:subfield code="c">(Mathematical Instrument Maker)</marc:subfield></marc:datafield><marc:datafield tag="852" ind1="4" ind2="1"><marc:subfield code="a">British Library</marc:subfield><marc:subfield code="b">HMNTS</marc:subfield><marc:subfield code="j">RB.23.a.24424.</marc:subfield></marc:datafield><marc:datafield tag="886" ind1="2" ind2=" "><marc:subfield code="2">blmarc</marc:subfield><marc:subfield code="a">709</marc:subfield><marc:subfield code="b">00</marc:subfield><marc:subfield code="a">JONES</marc:subfield><marc:subfield code="h">William</marc:subfield><marc:subfield code="f">Mathematical Instrument Maker</marc:subfield><marc:subfield code="p">530.e.16.(1.)</marc:subfield><marc:subfield code="x">168139023X</marc:subfield></marc:datafield></marc:record>