
<marc:record><marc:leader>00565 am a22001333  4500</marc:leader>
<marc:controlfield tag="001">000015298</marc:controlfield>
<marc:controlfield tag="003">Uk</marc:controlfield><marc:controlfield tag="005">20091125221700.0</marc:controlfield><marc:controlfield tag="008">870814|1873|||||||    ||     ||| |||||  </marc:controlfield><marc:datafield tag="040" ind1=" " ind2=" "><marc:subfield code="a">Uk</marc:subfield><marc:subfield code="c">Uk</marc:subfield></marc:datafield><marc:datafield tag="100" ind1="1" ind2=" "><marc:subfield code="a">ADAMS, George Edward.</marc:subfield></marc:datafield><marc:datafield tag="245" ind1="1" ind2="0"><marc:subfield code="a">Pedigree shewing the Royal Descent from Edward I. of the several alliances made in seven consecutive generations, A.D. 1627 to 1825, by the family of Cokayne of Rushton, Co. Northampton, Lords Viscount Cullen.</marc:subfield></marc:datafield><marc:datafield tag="580" ind1=" " ind2=" "><marc:subfield code="a">In : Cockayne (Andreas E.) Cockayne Memoranda, etc. 1873. 8º.</marc:subfield></marc:datafield><marc:datafield tag="852" ind1="4" ind2="1"><marc:subfield code="a">British Library</marc:subfield><marc:subfield code="b">HMNTS</marc:subfield><marc:subfield code="j">L.R.269.a.16.</marc:subfield></marc:datafield></marc:record>