
<marc:record><marc:leader>00881cam a22001573  4500</marc:leader>
<marc:controlfield tag="001">000015302</marc:controlfield>
<marc:controlfield tag="003">Uk</marc:controlfield><marc:controlfield tag="005">20120420175200.0</marc:controlfield><marc:controlfield tag="008">870814|1890|||||||    ||     ||| |||||  </marc:controlfield><marc:datafield tag="040" ind1=" " ind2=" "><marc:subfield code="a">Uk</marc:subfield><marc:subfield code="c">Uk</marc:subfield></marc:datafield><marc:datafield tag="100" ind1="1" ind2=" "><marc:subfield code="a">ADAMS, George Huntington.</marc:subfield></marc:datafield><marc:datafield tag="245" ind1="1" ind2="2"><marc:subfield code="a">A Hand Book of the Tariff on Imports into the United States, the free list, and the bond and warehouse system now in force. With notes of judicial decisions, and decisions of the Secretary of the Treasury.</marc:subfield></marc:datafield><marc:datafield tag="260" ind1=" " ind2=" "><marc:subfield code="a">New York :</marc:subfield><marc:subfield code="b">Baker, Voorhis &amp; Co.,</marc:subfield><marc:subfield code="c">1890.</marc:subfield></marc:datafield><marc:datafield tag="300" ind1=" " ind2=" "><marc:subfield code="a">vi, 313 p. ;</marc:subfield><marc:subfield code="c">8º.</marc:subfield></marc:datafield><marc:datafield tag="775" ind1="0" ind2=" "><marc:subfield code="t">[A Hand Book of the Tariff on Imports into the United States, the free list, and the bond and warehouse system now in force. With notes of judicial decisions, and decisions of the Secretary of the Treasury.]</marc:subfield><marc:subfield code="d">pp. viii. 321. Baker, Voorhis &amp; Co.: New York, 1890. 8º.</marc:subfield><marc:subfield code="w">(Uk)MP1.0000017638.1</marc:subfield></marc:datafield><marc:datafield tag="852" ind1="4" ind2="1"><marc:subfield code="a">British Library</marc:subfield><marc:subfield code="b">HMNTS</marc:subfield><marc:subfield code="j">08227.k.21.</marc:subfield></marc:datafield></marc:record>