
<marc:record><marc:leader>01054cam a22001693  4500</marc:leader>
<marc:controlfield tag="001">000015344</marc:controlfield>
<marc:controlfield tag="003">Uk</marc:controlfield><marc:controlfield tag="005">20120302164100.0</marc:controlfield><marc:controlfield tag="008">950825|1800|||||||    ||     ||| |||||  </marc:controlfield><marc:datafield tag="040" ind1=" " ind2=" "><marc:subfield code="a">Uk</marc:subfield><marc:subfield code="c">Uk</marc:subfield></marc:datafield><marc:datafield tag="100" ind1="1" ind2=" "><marc:subfield code="a">ADAMS, Hannah.</marc:subfield></marc:datafield><marc:datafield tag="245" ind1="1" ind2="4"><marc:subfield code="a">[An Alphabetical Compendium of the Various Sects which have appeared in the world from the beginning of the Christian æra to the present day. With an appendix containing a brief account of the different schemes of religion now embraced among mankind, etc.]</marc:subfield></marc:datafield><marc:datafield tag="250" ind1=" " ind2=" "><marc:subfield code="a">[Another edition.] A View of Religions ... The second edition, with large additions.</marc:subfield></marc:datafield><marc:datafield tag="260" ind1=" " ind2=" "><marc:subfield code="a">Boston :</marc:subfield><marc:subfield code="b">J. W. Folsom,</marc:subfield><marc:subfield code="c">[1800?]</marc:subfield></marc:datafield><marc:datafield tag="300" ind1=" " ind2=" "><marc:subfield code="a">410 p. ;</marc:subfield><marc:subfield code="c">8º.</marc:subfield></marc:datafield><marc:datafield tag="787" ind1="0" ind2=" "><marc:subfield code="t">An Alphabetical Compendium of the Various Sects which have appeared in the world from the beginning of the Christian æra to the present day. With an appendix containing a brief account of the different schemes of religion now embraced among mankind, etc.</marc:subfield><marc:subfield code="d">pp. ii. 204. lxxxiii. B. Edes &amp; Sons: Boston, 1784. 8º.</marc:subfield><marc:subfield code="w">(Uk)MP1.0000017680</marc:subfield></marc:datafield><marc:datafield tag="852" ind1="4" ind2="1"><marc:subfield code="a">British Library</marc:subfield><marc:subfield code="b">HMNTS</marc:subfield><marc:subfield code="j">4520.d.4.</marc:subfield></marc:datafield></marc:record>