
<marc:record><marc:leader>01454cam a22002053  4500</marc:leader>
<marc:controlfield tag="001">000015349</marc:controlfield>
<marc:controlfield tag="003">Uk</marc:controlfield><marc:controlfield tag="005">20120217162500.0</marc:controlfield><marc:controlfield tag="008">950825|1823|||||||    ||     ||| |||||  </marc:controlfield><marc:datafield tag="040" ind1=" " ind2=" "><marc:subfield code="a">Uk</marc:subfield><marc:subfield code="c">Uk</marc:subfield></marc:datafield><marc:datafield tag="100" ind1="1" ind2=" "><marc:subfield code="a">ADAMS, Hannah.</marc:subfield></marc:datafield><marc:datafield tag="245" ind1="1" ind2="4"><marc:subfield code="a">[An Alphabetical Compendium of the Various Sects which have appeared in the world from the beginning of the Christian æra to the present day. With an appendix containing a brief account of the different schemes of religion now embraced among mankind, etc.]</marc:subfield></marc:datafield><marc:datafield tag="250" ind1=" " ind2=" "><marc:subfield code="a">[Another edition.] To which are appended a sketch of missionary geography; with ... reflections on the whole, by [the editor] T. Williams. The third London edition, with the improvements of the fourth American edition, and many new articles and corrections throughout.</marc:subfield></marc:datafield><marc:datafield tag="260" ind1=" " ind2=" "><marc:subfield code="a">London :</marc:subfield><marc:subfield code="b">F. Westley,</marc:subfield><marc:subfield code="c">[1823]</marc:subfield></marc:datafield><marc:datafield tag="300" ind1=" " ind2=" "><marc:subfield code="a">xv, 463 p. ;</marc:subfield><marc:subfield code="c">8º.</marc:subfield></marc:datafield><marc:datafield tag="700" ind1="1" ind2=" "><marc:subfield code="a">WILLIAMS, Thomas,</marc:subfield><marc:subfield code="c">Calvinist Preacher.</marc:subfield></marc:datafield><marc:datafield tag="787" ind1="0" ind2=" "><marc:subfield code="t">An Alphabetical Compendium of the Various Sects which have appeared in the world from the beginning of the Christian æra to the present day. With an appendix containing a brief account of the different schemes of religion now embraced among mankind, etc.</marc:subfield><marc:subfield code="d">pp. ii. 204. lxxxiii. B. Edes &amp; Sons: Boston, 1784. 8º.</marc:subfield><marc:subfield code="w">(Uk)MP1.0000017680</marc:subfield></marc:datafield><marc:datafield tag="852" ind1="4" ind2="1"><marc:subfield code="a">British Library</marc:subfield><marc:subfield code="b">HMNTS</marc:subfield><marc:subfield code="j">4506.c.9.</marc:subfield></marc:datafield><marc:datafield tag="852" ind1="4" ind2="1"><marc:subfield code="a">British Library</marc:subfield><marc:subfield code="b">HMNTS</marc:subfield><marc:subfield code="j">487.e.22.</marc:subfield><marc:subfield code="3">[Another copy.]</marc:subfield></marc:datafield><marc:datafield tag="886" ind1="2" ind2=" "><marc:subfield code="2">blmarc</marc:subfield><marc:subfield code="a">709</marc:subfield><marc:subfield code="b">00</marc:subfield><marc:subfield code="a">WILLIAMS</marc:subfield><marc:subfield code="h">Thomas</marc:subfield><marc:subfield code="f">Calvinist Preacher</marc:subfield><marc:subfield code="p">4506.c.9.</marc:subfield><marc:subfield code="x">3521650154</marc:subfield></marc:datafield></marc:record>