
<marc:record><marc:leader>00831cam a22001693  4500</marc:leader>
<marc:controlfield tag="001">000015355</marc:controlfield>
<marc:controlfield tag="003">Uk</marc:controlfield><marc:controlfield tag="005">20120315111200.0</marc:controlfield><marc:controlfield tag="008">870814|1814|||||||    ||     ||| |||||  </marc:controlfield><marc:datafield tag="040" ind1=" " ind2=" "><marc:subfield code="a">Uk</marc:subfield><marc:subfield code="c">Uk</marc:subfield></marc:datafield><marc:datafield tag="100" ind1="1" ind2=" "><marc:subfield code="a">ADAMS, Hannah.</marc:subfield></marc:datafield><marc:datafield tag="245" ind1="1" ind2="2"><marc:subfield code="a">A Narrative of the Controversy between the Rev. Jedidiah Morse, D.D. and the author. (Some Notice [by S. Higginson] on the Remarks on S. Higginson, jun. contained in Dr. Morse's Appeal to the Publick.-Review of Dr. Morse's &quot;Appeal to the Publick,&quot; principally with reference to that part of it which relates to Harvard College. By a friend of that College.</marc:subfield></marc:datafield><marc:datafield tag="260" ind1=" " ind2=" "><marc:subfield code="a">Boston :</marc:subfield><marc:subfield code="b">Cummings &amp; Hilliard,</marc:subfield><marc:subfield code="c">1814.</marc:subfield></marc:datafield><marc:datafield tag="300" ind1=" " ind2=" "><marc:subfield code="a">3 pt. ;</marc:subfield><marc:subfield code="c">8º.</marc:subfield></marc:datafield><marc:datafield tag="700" ind1="1" ind2=" "><marc:subfield code="a">Morse, Jedidiah,</marc:subfield><marc:subfield code="d">1761-1826.</marc:subfield></marc:datafield><marc:datafield tag="852" ind1="4" ind2="1"><marc:subfield code="a">British Library</marc:subfield><marc:subfield code="b">HMNTS</marc:subfield><marc:subfield code="j">1414.h.8.(3.)</marc:subfield></marc:datafield><marc:datafield tag="886" ind1="2" ind2=" "><marc:subfield code="2">blmarc</marc:subfield><marc:subfield code="a">709</marc:subfield><marc:subfield code="b">00</marc:subfield><marc:subfield code="a">MORSE</marc:subfield><marc:subfield code="h">Jedidiah</marc:subfield><marc:subfield code="p">1414.h.8.(3.)</marc:subfield><marc:subfield code="x">2273700040</marc:subfield></marc:datafield></marc:record>