
<marc:record><marc:leader>00702 am a22001573  4500</marc:leader>
<marc:controlfield tag="001">000015404</marc:controlfield>
<marc:controlfield tag="003">Uk</marc:controlfield><marc:controlfield tag="005">20091125221700.0</marc:controlfield><marc:controlfield tag="008">870814|1891|||||||    ||     ||| |||||  </marc:controlfield><marc:datafield tag="040" ind1=" " ind2=" "><marc:subfield code="a">Uk</marc:subfield><marc:subfield code="c">Uk</marc:subfield></marc:datafield><marc:datafield tag="100" ind1="1" ind2=" "><marc:subfield code="a">ADAMS, Henry,</marc:subfield><marc:subfield code="c">M.I.Mech.E.</marc:subfield></marc:datafield><marc:datafield tag="245" ind1="1" ind2="0"><marc:subfield code="a">Handbook for Mechanical Engineers ... Second edition [of “Notes in Mechanical Engineering”], revised and enlarged.</marc:subfield></marc:datafield><marc:datafield tag="260" ind1=" " ind2=" "><marc:subfield code="a">pp. xxiii. 263. E. &amp; F. N. Spon: London, 1891 [1890].</marc:subfield></marc:datafield><marc:datafield tag="300" ind1=" " ind2=" "><marc:subfield code="a">8º.</marc:subfield></marc:datafield><marc:datafield tag="775" ind1="0" ind2=" "><marc:subfield code="t">[Handbook for Mechanical Engineers ... Second edition [of “Notes in Mechanical Engineering”], revised and enlarged.]</marc:subfield><marc:subfield code="d">pp. xxviii. 398. E. &amp; F. N. Spon: London, 1897. 8º.</marc:subfield><marc:subfield code="w">(Uk)MP1.0000017732.1</marc:subfield></marc:datafield><marc:datafield tag="852" ind1="4" ind2="1"><marc:subfield code="a">British Library</marc:subfield><marc:subfield code="b">HMNTS</marc:subfield><marc:subfield code="j">8767.aa.47.</marc:subfield></marc:datafield></marc:record>