
<marc:record><marc:leader>00769cam a22001693  4500</marc:leader>
<marc:controlfield tag="001">000015407</marc:controlfield>
<marc:controlfield tag="003">Uk</marc:controlfield><marc:controlfield tag="005">20130715184800.0</marc:controlfield><marc:controlfield tag="008">870814|1896||||enk    ||     ||| |||||  </marc:controlfield><marc:datafield tag="040" ind1=" " ind2=" "><marc:subfield code="a">Uk</marc:subfield><marc:subfield code="c">Uk</marc:subfield></marc:datafield><marc:datafield tag="100" ind1="1" ind2=" "><marc:subfield code="a">ADAMS, Henry,</marc:subfield><marc:subfield code="c">M.I.Mech.E.</marc:subfield></marc:datafield><marc:datafield tag="245" ind1="1" ind2="0"><marc:subfield code="a">Practical Trigonometry for the use of Engineers, Architects and Surveyors.</marc:subfield></marc:datafield><marc:datafield tag="260" ind1=" " ind2=" "><marc:subfield code="a">London :</marc:subfield><marc:subfield code="b">Whittaker &amp; Co.,</marc:subfield><marc:subfield code="c">1896.</marc:subfield></marc:datafield><marc:datafield tag="300" ind1=" " ind2=" "><marc:subfield code="a">vi, 53 p. ;</marc:subfield><marc:subfield code="c">8º.</marc:subfield></marc:datafield><marc:datafield tag="775" ind1="0" ind2=" "><marc:subfield code="t">[Practical Trigonometry for the use of Engineers, Architects and Surveyors.]</marc:subfield><marc:subfield code="d">pp. 69. Whittaker &amp; Co.: London, 1905. 8º.</marc:subfield><marc:subfield code="w">(Uk)MP1.0000017735.1</marc:subfield></marc:datafield><marc:datafield tag="775" ind1="0" ind2=" "><marc:subfield code="t">[Practical Trigonometry for the use of Engineers, Architects and Surveyors.]</marc:subfield><marc:subfield code="d">pp. vii. 73. Sir I. Pitman &amp; Sons: London, [1919.] 8º.</marc:subfield><marc:subfield code="w">(Uk)MP1.0000017735.2</marc:subfield></marc:datafield><marc:datafield tag="852" ind1="4" ind2="1"><marc:subfield code="a">British Library</marc:subfield><marc:subfield code="b">HMNTS</marc:subfield><marc:subfield code="j">8534.a.27.</marc:subfield></marc:datafield></marc:record>