
<marc:record><marc:leader>00885 am a22001933  4500</marc:leader>
<marc:controlfield tag="001">000015418</marc:controlfield>
<marc:controlfield tag="003">Uk</marc:controlfield><marc:controlfield tag="005">20091125221700.0</marc:controlfield><marc:controlfield tag="008">870814|1854|||||||    ||     ||| |||||  </marc:controlfield><marc:datafield tag="040" ind1=" " ind2=" "><marc:subfield code="a">Uk</marc:subfield><marc:subfield code="c">Uk</marc:subfield></marc:datafield><marc:datafield tag="100" ind1="1" ind2=" "><marc:subfield code="a">ADAMS, Henry,</marc:subfield><marc:subfield code="c">Publisher.</marc:subfield></marc:datafield><marc:datafield tag="245" ind1="1" ind2="0"><marc:subfield code="a">[Adams's Parliamentary Hand-Book: a key to the Houses of Lords and Commons. [Edited by Edward Morton.]]</marc:subfield></marc:datafield><marc:datafield tag="250" ind1=" " ind2=" "><marc:subfield code="a">Third edition. (Edited by Edward Morton.).</marc:subfield></marc:datafield><marc:datafield tag="260" ind1=" " ind2=" "><marc:subfield code="a">London :</marc:subfield><marc:subfield code="b">Henry Adams,</marc:subfield><marc:subfield code="c">1854.</marc:subfield></marc:datafield><marc:datafield tag="300" ind1=" " ind2=" "><marc:subfield code="a">xii, 307 p. ;</marc:subfield><marc:subfield code="c">8º.</marc:subfield></marc:datafield><marc:datafield tag="700" ind1="1" ind2=" "><marc:subfield code="a">Morton, Edward,</marc:subfield><marc:subfield code="c">short-hand writer.</marc:subfield></marc:datafield><marc:datafield tag="787" ind1="0" ind2=" "><marc:subfield code="t">Adams's Parliamentary Hand-Book: a key to the Houses of Lords and Commons. [Edited by Edward Morton.]</marc:subfield><marc:subfield code="d">pp. 288. Henry Adams; Smith, Elder &amp; Co.: London, [1853.] 8º.</marc:subfield><marc:subfield code="w">(Uk)MP1.0000017743</marc:subfield></marc:datafield><marc:datafield tag="852" ind1="4" ind2="1"><marc:subfield code="a">British Library</marc:subfield><marc:subfield code="b">HMNTS</marc:subfield><marc:subfield code="j">809.b.9.</marc:subfield></marc:datafield><marc:datafield tag="886" ind1="2" ind2=" "><marc:subfield code="2">blmarc</marc:subfield><marc:subfield code="a">709</marc:subfield><marc:subfield code="b">00</marc:subfield><marc:subfield code="a">MORTON</marc:subfield><marc:subfield code="h">Edward</marc:subfield><marc:subfield code="f">Short-Hand Writer</marc:subfield><marc:subfield code="p">809.b.8.</marc:subfield><marc:subfield code="x">2274270236</marc:subfield><marc:subfield code="p">809.b.9.</marc:subfield><marc:subfield code="x">2274270236</marc:subfield></marc:datafield></marc:record>