
<marc:record><marc:leader>00785cam a22001693  4500</marc:leader>
<marc:controlfield tag="001">000015419</marc:controlfield>
<marc:controlfield tag="003">Uk</marc:controlfield><marc:controlfield tag="005">20041119144933.0</marc:controlfield><marc:controlfield tag="008">870814s1855||||enk    ||     ||| ||eng  </marc:controlfield><marc:datafield tag="040" ind1=" " ind2=" "><marc:subfield code="a">Uk</marc:subfield><marc:subfield code="c">Uk</marc:subfield></marc:datafield><marc:datafield tag="100" ind1="1" ind2=" "><marc:subfield code="a">ADAMS, Henry,</marc:subfield><marc:subfield code="c">Publisher.</marc:subfield></marc:datafield><marc:datafield tag="245" ind1="1" ind2="0"><marc:subfield code="a">[Adams's Parliamentary Hand-Book: a key to the Houses of Lords and Commons. [Edited by Edward Morton.]]</marc:subfield></marc:datafield><marc:datafield tag="250" ind1=" " ind2=" "><marc:subfield code="a">[Another edition.] The Handbook of the Aristocracy: the Peerage; the House of Commons. By Edward Morton.</marc:subfield></marc:datafield><marc:datafield tag="260" ind1=" " ind2=" "><marc:subfield code="a">London :</marc:subfield><marc:subfield code="b">Henry Adams,</marc:subfield><marc:subfield code="c">1855.</marc:subfield></marc:datafield><marc:datafield tag="300" ind1=" " ind2=" "><marc:subfield code="a">xvi, 318 p. ;</marc:subfield><marc:subfield code="c">8º.</marc:subfield></marc:datafield><marc:datafield tag="787" ind1="0" ind2=" "><marc:subfield code="t">Adams's Parliamentary Hand-Book: a key to the Houses of Lords and Commons. [Edited by Edward Morton.]</marc:subfield><marc:subfield code="d">pp. 288. Henry Adams; Smith, Elder &amp; Co.: London, [1853.] 8º.</marc:subfield><marc:subfield code="w">(Uk)MP1.0000017743</marc:subfield></marc:datafield><marc:datafield tag="852" ind1="4" ind2="1"><marc:subfield code="a">British Library</marc:subfield><marc:subfield code="b">HMNTS</marc:subfield><marc:subfield code="j">607.c.21.</marc:subfield></marc:datafield></marc:record>