
<marc:record><marc:leader>01283cam a22002653  4500</marc:leader>
<marc:controlfield tag="001">000015440</marc:controlfield>
<marc:controlfield tag="003">Uk</marc:controlfield><marc:controlfield tag="005">20130710174400.0</marc:controlfield><marc:controlfield tag="008">870814|1889||||xxu    ||     ||| |||||  </marc:controlfield><marc:datafield tag="040" ind1=" " ind2=" "><marc:subfield code="a">Uk</marc:subfield><marc:subfield code="c">Uk</marc:subfield></marc:datafield><marc:datafield tag="100" ind1="1" ind2=" "><marc:subfield code="a">ADAMS, Henry Brooks.</marc:subfield></marc:datafield><marc:datafield tag="245" ind1="1" ind2="0"><marc:subfield code="a">History of the United States of America, etc.</marc:subfield></marc:datafield><marc:datafield tag="260" ind1=" " ind2=" "><marc:subfield code="a">New York :</marc:subfield><marc:subfield code="b">C. Scribner's Sons,</marc:subfield><marc:subfield code="c">1889-96.</marc:subfield></marc:datafield><marc:datafield tag="300" ind1=" " ind2=" "><marc:subfield code="a">9 vol. ;</marc:subfield><marc:subfield code="c">8º.</marc:subfield></marc:datafield><marc:datafield tag="580" ind1=" " ind2=" "><marc:subfield code="a">Part title: History of the United States of America, etc. Vol. 1, 2. The First Administration of Jefferson. 1801-1805.</marc:subfield></marc:datafield><marc:datafield tag="580" ind1=" " ind2=" "><marc:subfield code="a">Part title: History of the United States of America, etc. Vol. 3, 4. The Second Administration of Jefferson. 1805-1809.</marc:subfield></marc:datafield><marc:datafield tag="580" ind1=" " ind2=" "><marc:subfield code="a">Part title: History of the United States of America, etc. Vol. 5, 6. The First Administration of Madison. 1809-1813.</marc:subfield></marc:datafield><marc:datafield tag="580" ind1=" " ind2=" "><marc:subfield code="a">Part title: History of the United States of America, etc. Vol. 7-9. The Second Administration of Madison. 1813-1817.</marc:subfield></marc:datafield><marc:datafield tag="700" ind1="1" ind2=" "><marc:subfield code="a">Jefferson, Thomas,</marc:subfield><marc:subfield code="d">1743-1826</marc:subfield><marc:subfield code="t">Appendix.</marc:subfield></marc:datafield><marc:datafield tag="787" ind1="0" ind2=" "><marc:subfield code="w">(Uk)MP1.0000017763.0.1</marc:subfield></marc:datafield><marc:datafield tag="787" ind1="0" ind2=" "><marc:subfield code="w">(Uk)MP1.0000017763.0.2</marc:subfield></marc:datafield><marc:datafield tag="787" ind1="0" ind2=" "><marc:subfield code="w">(Uk)MP1.0000017763.0.3</marc:subfield></marc:datafield><marc:datafield tag="787" ind1="0" ind2=" "><marc:subfield code="w">(Uk)MP1.0000017763.0.4</marc:subfield></marc:datafield><marc:datafield tag="852" ind1="4" ind2="1"><marc:subfield code="a">British Library</marc:subfield><marc:subfield code="b">HMNTS</marc:subfield><marc:subfield code="j">9615.a.1.</marc:subfield></marc:datafield><marc:datafield tag="886" ind1="2" ind2=" "><marc:subfield code="2">blmarc</marc:subfield><marc:subfield code="a">709</marc:subfield><marc:subfield code="b">00</marc:subfield><marc:subfield code="a">JEFFERSON</marc:subfield><marc:subfield code="h">Thomas</marc:subfield><marc:subfield code="f">President of the United States of America</marc:subfield><marc:subfield code="t">Appendix</marc:subfield><marc:subfield code="p">9615.a.1.</marc:subfield><marc:subfield code="x">1642220108</marc:subfield></marc:datafield></marc:record>