
<marc:record><marc:leader>00643 am a22001573  4500</marc:leader>
<marc:controlfield tag="001">000015480</marc:controlfield>
<marc:controlfield tag="003">Uk</marc:controlfield><marc:controlfield tag="005">20091125221700.0</marc:controlfield><marc:controlfield tag="008">870814|1892|||||||    ||     ||| |||||  </marc:controlfield><marc:datafield tag="040" ind1=" " ind2=" "><marc:subfield code="a">Uk</marc:subfield><marc:subfield code="c">Uk</marc:subfield></marc:datafield><marc:datafield tag="100" ind1="1" ind2=" "><marc:subfield code="a">ADAMS, Henry Cadwallader.</marc:subfield></marc:datafield><marc:datafield tag="245" ind1="1" ind2="5"><marc:subfield code="a">[The First of June; or, Schoolboy Rivalry: a second tale of Charlton School.]</marc:subfield></marc:datafield><marc:datafield tag="250" ind1=" " ind2=" "><marc:subfield code="a">Twenty-third edition.</marc:subfield></marc:datafield><marc:datafield tag="580" ind1=" " ind2=" "><marc:subfield code="a">In : Adams (William) M.A., etc. Tales of Charlton School, etc. 1892. 8º.</marc:subfield></marc:datafield><marc:datafield tag="787" ind1="0" ind2=" "><marc:subfield code="t">The First of June; or, Schoolboy Rivalry: a second tale of Charlton School.</marc:subfield><marc:subfield code="d">pp. vi. 158. Rivingtons: London, 1856. 8º.</marc:subfield><marc:subfield code="w">(Uk)MP1.0000017797</marc:subfield></marc:datafield><marc:datafield tag="852" ind1="4" ind2="1"><marc:subfield code="a">British Library</marc:subfield><marc:subfield code="b">HMNTS</marc:subfield><marc:subfield code="j">012803.ee.60.</marc:subfield></marc:datafield></marc:record>