
<marc:record><marc:leader>00586 am a22001573  4500</marc:leader>
<marc:controlfield tag="001">000015481</marc:controlfield>
<marc:controlfield tag="003">Uk</marc:controlfield><marc:controlfield tag="005">20091125221700.0</marc:controlfield><marc:controlfield tag="008">870814|1886|||||||    ||     ||| |||||  </marc:controlfield><marc:datafield tag="040" ind1=" " ind2=" "><marc:subfield code="a">Uk</marc:subfield><marc:subfield code="c">Uk</marc:subfield></marc:datafield><marc:datafield tag="100" ind1="1" ind2=" "><marc:subfield code="a">ADAMS, Henry Cadwallader.</marc:subfield></marc:datafield><marc:datafield tag="245" ind1="1" ind2="0"><marc:subfield code="a">For James or George. A schoolboys' tale of 1745, etc.</marc:subfield></marc:datafield><marc:datafield tag="260" ind1=" " ind2=" "><marc:subfield code="a">pp. xvi. 407. Hodder &amp; Stoughton: London, 1886 [1885].</marc:subfield></marc:datafield><marc:datafield tag="300" ind1=" " ind2=" "><marc:subfield code="a">8º.</marc:subfield></marc:datafield><marc:datafield tag="775" ind1="0" ind2=" "><marc:subfield code="t">[For James or George. A schoolboys' tale of 1745, etc.]</marc:subfield><marc:subfield code="d">pp. xvi. 407. Henry Frowde; Hodder &amp; Stoughton: London, 1909. 8º.</marc:subfield><marc:subfield code="w">(Uk)MP1.0000017798.1</marc:subfield></marc:datafield><marc:datafield tag="852" ind1="4" ind2="1"><marc:subfield code="a">British Library</marc:subfield><marc:subfield code="b">HMNTS</marc:subfield><marc:subfield code="j">12811.c.15.</marc:subfield></marc:datafield></marc:record>