
<marc:record><marc:leader>01289cam a22001933  4500</marc:leader>
<marc:controlfield tag="001">000015498</marc:controlfield>
<marc:controlfield tag="003">Uk</marc:controlfield><marc:controlfield tag="005">20110421155500.0</marc:controlfield><marc:controlfield tag="008">870814|1851|||||||    ||     ||| |||||  </marc:controlfield><marc:datafield tag="040" ind1=" " ind2=" "><marc:subfield code="a">Uk</marc:subfield><marc:subfield code="c">Uk</marc:subfield></marc:datafield><marc:datafield tag="100" ind1="1" ind2=" "><marc:subfield code="a">ADAMS, Henry Cadwallader.</marc:subfield></marc:datafield><marc:datafield tag="245" ind1="1" ind2="2"><marc:subfield code="a">A New Greek Delectus, adapted to the arrangement of the Rev. C. Wordsworth's grammar. With a lexicon and appendix.</marc:subfield></marc:datafield><marc:datafield tag="260" ind1=" " ind2=" "><marc:subfield code="a">London :</marc:subfield><marc:subfield code="b">David Nutt,</marc:subfield><marc:subfield code="c">1851.</marc:subfield></marc:datafield><marc:datafield tag="300" ind1=" " ind2=" "><marc:subfield code="a">viii, 152 p. ;</marc:subfield><marc:subfield code="c">12º.</marc:subfield></marc:datafield><marc:datafield tag="775" ind1="0" ind2=" "><marc:subfield code="t">[A New Greek Delectus, adapted to the arrangement of the Rev. C. Wordsworth's grammar. With a lexicon and appendix.]</marc:subfield><marc:subfield code="d">pp. xiv. 158. David Nutt: London, 1853. 12º.</marc:subfield><marc:subfield code="w">(Uk)MP1.0000017812.1</marc:subfield></marc:datafield><marc:datafield tag="775" ind1="0" ind2=" "><marc:subfield code="t">[A New Greek Delectus, adapted to the arrangement of the Rev. C. Wordsworth's grammar. With a lexicon and appendix.]</marc:subfield><marc:subfield code="d">pp. xiv. 170. David Nutt: London, 1855. 12º.</marc:subfield><marc:subfield code="w">(Uk)MP1.0000017812.2</marc:subfield></marc:datafield><marc:datafield tag="775" ind1="0" ind2=" "><marc:subfield code="t">[A New Greek Delectus, adapted to the arrangement of the Rev. C. Wordsworth's grammar. With a lexicon and appendix.]</marc:subfield><marc:subfield code="d">pp. xiv. 171. David Nutt: London, 1857. 12º.</marc:subfield><marc:subfield code="w">(Uk)MP1.0000017812.3</marc:subfield></marc:datafield><marc:datafield tag="775" ind1="0" ind2=" "><marc:subfield code="t">[A New Greek Delectus, adapted to the arrangement of the Rev. C. Wordsworth's grammar. With a lexicon and appendix.]</marc:subfield><marc:subfield code="d">pp. v. 201. G. Routledge &amp; Sons: London, 1871. 8º.</marc:subfield><marc:subfield code="w">(Uk)MP1.0000017812.4</marc:subfield></marc:datafield><marc:datafield tag="852" ind1="4" ind2="1"><marc:subfield code="a">British Library</marc:subfield><marc:subfield code="b">HMNTS</marc:subfield><marc:subfield code="j">1211.e.40.</marc:subfield></marc:datafield></marc:record>