
<marc:record><marc:leader>01003cam a22001933  4500</marc:leader>
<marc:controlfield tag="001">000015502</marc:controlfield>
<marc:controlfield tag="003">Uk</marc:controlfield><marc:controlfield tag="005">20130501182900.0</marc:controlfield><marc:controlfield tag="008">870814|1871||||enk    ||     ||| |||||  </marc:controlfield><marc:datafield tag="040" ind1=" " ind2=" "><marc:subfield code="a">Uk</marc:subfield><marc:subfield code="c">Uk</marc:subfield></marc:datafield><marc:datafield tag="100" ind1="1" ind2=" "><marc:subfield code="a">ADAMS, Henry Cadwallader.</marc:subfield></marc:datafield><marc:datafield tag="245" ind1="1" ind2="3"><marc:subfield code="a">[A New Greek Delectus, adapted to the arrangement of the Rev. C. Wordsworth's grammar. With a lexicon and appendix.]</marc:subfield></marc:datafield><marc:datafield tag="250" ind1=" " ind2=" "><marc:subfield code="a">[Another edition.] Adams's Principia Græca, being a Grammar and Delectus combined ... Edited by the Rev. H. Holden.</marc:subfield></marc:datafield><marc:datafield tag="260" ind1=" " ind2=" "><marc:subfield code="a">London :</marc:subfield><marc:subfield code="b">G. Routledge &amp; Sons,</marc:subfield><marc:subfield code="c">1871.</marc:subfield></marc:datafield><marc:datafield tag="300" ind1=" " ind2=" "><marc:subfield code="a">v, 201 p. ;</marc:subfield><marc:subfield code="c">8º.</marc:subfield></marc:datafield><marc:datafield tag="700" ind1="1" ind2=" "><marc:subfield code="a">HOLDEN, Henry,</marc:subfield><marc:subfield code="c">Head Master of Durham Cathedral School.</marc:subfield></marc:datafield><marc:datafield tag="787" ind1="0" ind2=" "><marc:subfield code="t">A New Greek Delectus, adapted to the arrangement of the Rev. C. Wordsworth's grammar. With a lexicon and appendix.</marc:subfield><marc:subfield code="d">pp. viii. 152. David Nutt: London, 1851. 12º.</marc:subfield><marc:subfield code="w">(Uk)MP1.0000017812</marc:subfield></marc:datafield><marc:datafield tag="852" ind1="4" ind2="1"><marc:subfield code="a">British Library</marc:subfield><marc:subfield code="b">HMNTS</marc:subfield><marc:subfield code="j">12923.aaa.24.</marc:subfield></marc:datafield><marc:datafield tag="886" ind1="2" ind2=" "><marc:subfield code="2">blmarc</marc:subfield><marc:subfield code="a">709</marc:subfield><marc:subfield code="b">00</marc:subfield><marc:subfield code="a">HOLDEN</marc:subfield><marc:subfield code="h">Henry</marc:subfield><marc:subfield code="f">Head Master of Durham Cathedral School</marc:subfield><marc:subfield code="p">12923.aaa.24.</marc:subfield><marc:subfield code="x">1503760057</marc:subfield></marc:datafield></marc:record>