
<marc:record><marc:leader>01041cam a22001813  4500</marc:leader>
<marc:controlfield tag="001">000015503</marc:controlfield>
<marc:controlfield tag="003">Uk</marc:controlfield><marc:controlfield tag="005">20110421155500.0</marc:controlfield><marc:controlfield tag="008">870814|1852|||||||    ||     ||| |||||  </marc:controlfield><marc:datafield tag="040" ind1=" " ind2=" "><marc:subfield code="a">Uk</marc:subfield><marc:subfield code="c">Uk</marc:subfield></marc:datafield><marc:datafield tag="100" ind1="1" ind2=" "><marc:subfield code="a">ADAMS, Henry Cadwallader.</marc:subfield></marc:datafield><marc:datafield tag="245" ind1="1" ind2="2"><marc:subfield code="a">A New Latin Delectus, adapted to the arrangement of the [Eton] Latin Grammar. With a lexicon and notes.</marc:subfield></marc:datafield><marc:datafield tag="260" ind1=" " ind2=" "><marc:subfield code="a">London :</marc:subfield><marc:subfield code="b">David Nutt,</marc:subfield><marc:subfield code="c">1852.</marc:subfield></marc:datafield><marc:datafield tag="300" ind1=" " ind2=" "><marc:subfield code="a">viii, 178 p. ;</marc:subfield><marc:subfield code="c">12º.</marc:subfield></marc:datafield><marc:datafield tag="775" ind1="0" ind2=" "><marc:subfield code="t">[A New Latin Delectus, adapted to the arrangement of the [Eton] Latin Grammar. With a lexicon and notes.]</marc:subfield><marc:subfield code="d">pp. viii. 178. David Nutt: London, 1852. 12º.</marc:subfield><marc:subfield code="w">(Uk)MP1.0000017813.1</marc:subfield></marc:datafield><marc:datafield tag="775" ind1="0" ind2=" "><marc:subfield code="t">[A New Latin Delectus, adapted to the arrangement of the [Eton] Latin Grammar. With a lexicon and notes.]</marc:subfield><marc:subfield code="d">pp. viii. 137. David Nutt: London, 1854. 12º.</marc:subfield><marc:subfield code="w">(Uk)MP1.0000017813.2</marc:subfield></marc:datafield><marc:datafield tag="775" ind1="0" ind2=" "><marc:subfield code="t">[A New Latin Delectus, adapted to the arrangement of the [Eton] Latin Grammar. With a lexicon and notes.]</marc:subfield><marc:subfield code="d">pp. viii. 139. David Nutt: London, 1857. 12º.</marc:subfield><marc:subfield code="w">(Uk)MP1.0000017813.3</marc:subfield></marc:datafield><marc:datafield tag="852" ind1="4" ind2="1"><marc:subfield code="a">British Library</marc:subfield><marc:subfield code="b">HMNTS</marc:subfield><marc:subfield code="j">12933.c.25.</marc:subfield></marc:datafield></marc:record>