
<marc:record><marc:leader>00788cam a22001693  4500</marc:leader>
<marc:controlfield tag="001">000015517</marc:controlfield>
<marc:controlfield tag="003">Uk</marc:controlfield><marc:controlfield tag="005">20130501182900.0</marc:controlfield><marc:controlfield tag="008">870814|1880||||enk    ||     ||| |||||  </marc:controlfield><marc:datafield tag="040" ind1=" " ind2=" "><marc:subfield code="a">Uk</marc:subfield><marc:subfield code="c">Uk</marc:subfield></marc:datafield><marc:datafield tag="100" ind1="1" ind2=" "><marc:subfield code="a">ADAMS, Henry Cadwallader.</marc:subfield></marc:datafield><marc:datafield tag="245" ind1="1" ind2="0"><marc:subfield code="a">[Sunday Evenings at Home: being stories from history for every Sunday, etc., in the year.]</marc:subfield></marc:datafield><marc:datafield tag="260" ind1=" " ind2=" "><marc:subfield code="a">London :</marc:subfield><marc:subfield code="b">G. Routledge &amp; Sons,</marc:subfield><marc:subfield code="c">[1880-81]</marc:subfield></marc:datafield><marc:datafield tag="300" ind1=" " ind2=" "><marc:subfield code="c">8º.</marc:subfield></marc:datafield><marc:datafield tag="500" ind1=" " ind2=" "><marc:subfield code="a">In 15 volumes, each containing four tales, and with a special titlepage bearing the title of the first tale in the volume.</marc:subfield></marc:datafield><marc:datafield tag="787" ind1="0" ind2=" "><marc:subfield code="t">Sunday Evenings at Home: being stories from history for every Sunday, etc., in the year.</marc:subfield><marc:subfield code="d">2 vol. G. Routledge &amp; Sons: London, 1875, 76 [1874, 75]. 8º.</marc:subfield><marc:subfield code="w">(Uk)MP1.0000017821</marc:subfield></marc:datafield><marc:datafield tag="852" ind1="4" ind2="1"><marc:subfield code="a">British Library</marc:subfield><marc:subfield code="b">HMNTS</marc:subfield><marc:subfield code="j">4421.e.62.</marc:subfield><marc:subfield code="3">[A reissue.]</marc:subfield></marc:datafield></marc:record>