
<marc:record><marc:leader>00652cam a22001573  4500</marc:leader>
<marc:controlfield tag="001">000015519</marc:controlfield>
<marc:controlfield tag="003">Uk</marc:controlfield><marc:controlfield tag="005">20130710174400.0</marc:controlfield><marc:controlfield tag="008">870814|1868||||enk    ||     ||| |||||  </marc:controlfield><marc:datafield tag="040" ind1=" " ind2=" "><marc:subfield code="a">Uk</marc:subfield><marc:subfield code="c">Uk</marc:subfield></marc:datafield><marc:datafield tag="100" ind1="1" ind2=" "><marc:subfield code="a">ADAMS, Henry Cadwallader.</marc:subfield></marc:datafield><marc:datafield tag="245" ind1="1" ind2="0"><marc:subfield code="a">Tales for Sunday Reading. [From the author's “Sundays at Encombe” and “The Judges of Israel.”]</marc:subfield></marc:datafield><marc:datafield tag="260" ind1=" " ind2=" "><marc:subfield code="a">London :</marc:subfield><marc:subfield code="b">F. Warne &amp; Co.,</marc:subfield><marc:subfield code="c">[1868]</marc:subfield></marc:datafield><marc:datafield tag="300" ind1=" " ind2=" "><marc:subfield code="a">12 pt. ;</marc:subfield><marc:subfield code="c">16º.</marc:subfield></marc:datafield><marc:datafield tag="775" ind1="0" ind2=" "><marc:subfield code="t">[Tales for Sunday Reading. [From the author's “Sundays at Encombe” and “The Judges of Israel.”]]</marc:subfield><marc:subfield code="d">12 pt. F. Warne &amp; Co.: London, [1868.] 16º.</marc:subfield><marc:subfield code="w">(Uk)MP1.0000017823.1</marc:subfield></marc:datafield><marc:datafield tag="852" ind1="4" ind2="1"><marc:subfield code="a">British Library</marc:subfield><marc:subfield code="b">HMNTS</marc:subfield><marc:subfield code="j">D-4416.a.3.</marc:subfield></marc:datafield></marc:record>