
<marc:record><marc:leader>00607 am a22001573  4500</marc:leader>
<marc:controlfield tag="001">000015540</marc:controlfield>
<marc:controlfield tag="003">Uk</marc:controlfield><marc:controlfield tag="005">20091125221700.0</marc:controlfield><marc:controlfield tag="008">870814|1886|||||||    ||     ||| |||||  </marc:controlfield><marc:datafield tag="040" ind1=" " ind2=" "><marc:subfield code="a">Uk</marc:subfield><marc:subfield code="c">Uk</marc:subfield></marc:datafield><marc:datafield tag="100" ind1="1" ind2=" "><marc:subfield code="a">ADAMS, Henry Carter.</marc:subfield></marc:datafield><marc:datafield tag="245" ind1="1" ind2="2"><marc:subfield code="a">A Juridical Glossary: being an exhaustive compilation of the most celebrated maxims, aphorisms ... technical phrases and terms employed in the Roman, Civil, Feudal, Canon and Common Law, etc. vol. 1. A to E.</marc:subfield></marc:datafield><marc:datafield tag="260" ind1=" " ind2=" "><marc:subfield code="a">pp. iv. 879. Weed, Parsons &amp; Co.: Albany, N.Y., 1886.</marc:subfield></marc:datafield><marc:datafield tag="300" ind1=" " ind2=" "><marc:subfield code="a">8º.</marc:subfield></marc:datafield><marc:datafield tag="500" ind1=" " ind2=" "><marc:subfield code="a">No more published.</marc:subfield></marc:datafield><marc:datafield tag="852" ind1="4" ind2="1"><marc:subfield code="a">British Library</marc:subfield><marc:subfield code="b">HMNTS</marc:subfield><marc:subfield code="j">06616.k.16.</marc:subfield></marc:datafield></marc:record>