
<marc:record><marc:leader>00818cam a22001693  4500</marc:leader>
<marc:controlfield tag="001">000015578</marc:controlfield>
<marc:controlfield tag="003">Uk</marc:controlfield><marc:controlfield tag="005">20120807182200.0</marc:controlfield><marc:controlfield tag="008">870814|1872|||||||    ||     ||| |||||  </marc:controlfield><marc:datafield tag="040" ind1=" " ind2=" "><marc:subfield code="a">Uk</marc:subfield><marc:subfield code="c">Uk</marc:subfield></marc:datafield><marc:datafield tag="100" ind1="1" ind2=" "><marc:subfield code="a">ADAMS, Henry Gardiner.</marc:subfield></marc:datafield><marc:datafield tag="245" ind1="1" ind2="0"><marc:subfield code="a">[Humming Birds, described and illustrated, with an introductory sketch of their structure, plumage, haunts, habits, etc. (My Humming Birds. By G. W. Webber.)]</marc:subfield></marc:datafield><marc:datafield tag="250" ind1=" " ind2=" "><marc:subfield code="a">[Another edition.]</marc:subfield></marc:datafield><marc:datafield tag="260" ind1=" " ind2=" "><marc:subfield code="a">London :</marc:subfield><marc:subfield code="b">Groombridge &amp; Sons,</marc:subfield><marc:subfield code="c">[1872]</marc:subfield></marc:datafield><marc:datafield tag="300" ind1=" " ind2=" "><marc:subfield code="a">144 p., VIII plates ;</marc:subfield><marc:subfield code="c">8º.</marc:subfield></marc:datafield><marc:datafield tag="787" ind1="0" ind2=" "><marc:subfield code="t">Humming Birds, described and illustrated, with an introductory sketch of their structure, plumage, haunts, habits, etc. (My Humming Birds. By G. W. Webber.)</marc:subfield><marc:subfield code="d">pp. 70. pl. VIII. Groombridge &amp; Sons: London, 1856. 8º.</marc:subfield><marc:subfield code="w">(Uk)MP1.0000017876</marc:subfield></marc:datafield><marc:datafield tag="852" ind1="4" ind2="1"><marc:subfield code="a">British Library</marc:subfield><marc:subfield code="b">HMNTS</marc:subfield><marc:subfield code="j">7005.bb.22.</marc:subfield></marc:datafield></marc:record>