
<marc:record><marc:leader>00700cam a22001573  4500</marc:leader>
<marc:controlfield tag="001">000015596</marc:controlfield>
<marc:controlfield tag="003">Uk</marc:controlfield><marc:controlfield tag="005">20101223154100.0</marc:controlfield><marc:controlfield tag="008">870814|1867|||||||    ||     ||| ||eng  </marc:controlfield><marc:datafield tag="040" ind1=" " ind2=" "><marc:subfield code="a">Uk</marc:subfield><marc:subfield code="c">Uk</marc:subfield></marc:datafield><marc:datafield tag="100" ind1="1" ind2=" "><marc:subfield code="a">ADAMS, Henry Gardiner.</marc:subfield></marc:datafield><marc:datafield tag="245" ind1="1" ind2="4"><marc:subfield code="a">The Weaver-Boy who became a Missionary: being the story of the life and labours of David Livingstone. [With a portrait.]</marc:subfield></marc:datafield><marc:datafield tag="260" ind1=" " ind2=" "><marc:subfield code="a">pp. xviii. 318. Jackson, Walford &amp; Hodder: London, 1867.</marc:subfield></marc:datafield><marc:datafield tag="300" ind1=" " ind2=" "><marc:subfield code="a">8º.</marc:subfield></marc:datafield><marc:datafield tag="787" ind1="0" ind2=" "><marc:subfield code="t">[The Weaver-Boy who became a Missionary: being the story of the life and labours of David Livingstone. [With a portrait.]]</marc:subfield><marc:subfield code="d">pp. 276. Hodder &amp; Stoughton: London, 1869. 8º.</marc:subfield><marc:subfield code="w">(Uk)MP1.0000017891.1</marc:subfield></marc:datafield><marc:datafield tag="852" ind1="4" ind2="1"><marc:subfield code="a">British Library</marc:subfield><marc:subfield code="b">HMNTS</marc:subfield><marc:subfield code="j">4955.aa.24.</marc:subfield></marc:datafield></marc:record>