
<marc:record><marc:leader>00720cam a22001573  4500</marc:leader>
<marc:controlfield tag="001">000015597</marc:controlfield>
<marc:controlfield tag="003">Uk</marc:controlfield><marc:controlfield tag="005">20130501182900.0</marc:controlfield><marc:controlfield tag="008">870814|1869||||enk    ||     ||| |||||  </marc:controlfield><marc:datafield tag="040" ind1=" " ind2=" "><marc:subfield code="a">Uk</marc:subfield><marc:subfield code="c">Uk</marc:subfield></marc:datafield><marc:datafield tag="100" ind1="1" ind2=" "><marc:subfield code="a">ADAMS, Henry Gardiner.</marc:subfield></marc:datafield><marc:datafield tag="245" ind1="1" ind2="5"><marc:subfield code="a">[The Weaver-Boy who became a Missionary: being the story of the life and labours of David Livingstone. [With a portrait.]]</marc:subfield></marc:datafield><marc:datafield tag="260" ind1=" " ind2=" "><marc:subfield code="a">London :</marc:subfield><marc:subfield code="b">Hodder &amp; Stoughton,</marc:subfield><marc:subfield code="c">1869.</marc:subfield></marc:datafield><marc:datafield tag="300" ind1=" " ind2=" "><marc:subfield code="a">276 p. ;</marc:subfield><marc:subfield code="c">8º.</marc:subfield></marc:datafield><marc:datafield tag="787" ind1="0" ind2=" "><marc:subfield code="t">The Weaver-Boy who became a Missionary: being the story of the life and labours of David Livingstone. [With a portrait.]</marc:subfield><marc:subfield code="d">pp. xviii. 318. Jackson, Walford &amp; Hodder: London, 1867. 8º.</marc:subfield><marc:subfield code="w">(Uk)MP1.0000017891</marc:subfield></marc:datafield><marc:datafield tag="852" ind1="4" ind2="1"><marc:subfield code="a">British Library</marc:subfield><marc:subfield code="b">HMNTS</marc:subfield><marc:subfield code="j">4955.aa.25.</marc:subfield><marc:subfield code="3">Second thousand.</marc:subfield></marc:datafield></marc:record>