
<marc:record><marc:leader>00912cam a22001573  4500</marc:leader>
<marc:controlfield tag="001">000015601</marc:controlfield>
<marc:controlfield tag="003">Uk</marc:controlfield><marc:controlfield tag="005">20130508174800.0</marc:controlfield><marc:controlfield tag="008">870814|1865||||enk    ||     ||| |||||  </marc:controlfield><marc:datafield tag="040" ind1=" " ind2=" "><marc:subfield code="a">Uk</marc:subfield><marc:subfield code="c">Uk</marc:subfield></marc:datafield><marc:datafield tag="100" ind1="1" ind2=" "><marc:subfield code="a">ADAMS, Henry Gardiner.</marc:subfield></marc:datafield><marc:datafield tag="245" ind1="1" ind2="5"><marc:subfield code="a">[The wild flowers, birds &amp; insects of the months, etc.] The seasons &amp; thier beauties; or, The flowers, birds, and insects of the months popularly and poetically described. With practical notes on collecting, etc.</marc:subfield></marc:datafield><marc:datafield tag="260" ind1=" " ind2=" "><marc:subfield code="a">London :</marc:subfield><marc:subfield code="b">Ward, Lock &amp; Tyler,</marc:subfield><marc:subfield code="c">[not before 1865, not after 1873]</marc:subfield></marc:datafield><marc:datafield tag="300" ind1=" " ind2=" "><marc:subfield code="a">312 p. :</marc:subfield><marc:subfield code="b">plate ;</marc:subfield><marc:subfield code="c">19 cm.</marc:subfield></marc:datafield><marc:datafield tag="775" ind1="0" ind2=" "><marc:subfield code="t">[[The wild flowers, birds &amp; insects of the months, etc.] The seasons &amp; thier beauties; or, The flowers, birds, and insects of the months popularly and poetically described. With practical notes on collecting, etc.]</marc:subfield><marc:subfield code="d">pp. 316. Ward, Lock &amp; Co.: London, [1878.] 8º.</marc:subfield><marc:subfield code="w">(Uk)MP1.0000017894.1</marc:subfield></marc:datafield><marc:datafield tag="852" ind1="4" ind2="1"><marc:subfield code="a">British Library</marc:subfield><marc:subfield code="b">HMNTS</marc:subfield><marc:subfield code="j">1608/4697.</marc:subfield></marc:datafield></marc:record>