
<marc:record><marc:leader>00697 am a22001693  4500</marc:leader>
<marc:controlfield tag="001">000015689</marc:controlfield>
<marc:controlfield tag="003">Uk</marc:controlfield><marc:controlfield tag="005">20091223214900.0</marc:controlfield><marc:controlfield tag="008">870814|1898|||||||    ||     ||| |||||  </marc:controlfield><marc:datafield tag="040" ind1=" " ind2=" "><marc:subfield code="a">Uk</marc:subfield><marc:subfield code="c">Uk</marc:subfield></marc:datafield><marc:datafield tag="100" ind1="1" ind2=" "><marc:subfield code="a">ADAMS, Herbert Baxter.</marc:subfield></marc:datafield><marc:datafield tag="245" ind1="1" ind2="5"><marc:subfield code="a">[The Encouragement of Higher Education. An address, etc.]</marc:subfield></marc:datafield><marc:datafield tag="250" ind1=" " ind2=" "><marc:subfield code="a">[Another edition.]</marc:subfield></marc:datafield><marc:datafield tag="490" ind1="0" ind2=" "><marc:subfield code="a">[Johns Hopkins University Studies in Historical and Political Science. Extra vol. 18.]</marc:subfield></marc:datafield><marc:datafield tag="580" ind1=" " ind2=" "><marc:subfield code="a">In : State Aid. State Aid to Higher Education. A series of addresses, etc. 1898. 8º.</marc:subfield></marc:datafield><marc:datafield tag="787" ind1="0" ind2=" "><marc:subfield code="t">The Encouragement of Higher Education. An address, etc.</marc:subfield><marc:subfield code="d">pp. 22. Baltimore, 1889. 8º.</marc:subfield><marc:subfield code="w">(Uk)MP1.0000017981</marc:subfield></marc:datafield><marc:datafield tag="852" ind1="4" ind2="1"><marc:subfield code="a">British Library</marc:subfield><marc:subfield code="b">HMNTS</marc:subfield><marc:subfield code="j">Ac.2689.(2.)</marc:subfield></marc:datafield></marc:record>