
<marc:record><marc:leader>00791cam a22002053  4500</marc:leader>
<marc:controlfield tag="001">000015694</marc:controlfield>
<marc:controlfield tag="003">Uk</marc:controlfield><marc:controlfield tag="005">20120305160100.0</marc:controlfield><marc:controlfield tag="008">870814|1898|||||||    ||     ||| |||||  </marc:controlfield><marc:datafield tag="040" ind1=" " ind2=" "><marc:subfield code="a">Uk</marc:subfield><marc:subfield code="c">Uk</marc:subfield></marc:datafield><marc:datafield tag="100" ind1="1" ind2=" "><marc:subfield code="a">ADAMS, Herbert Baxter.</marc:subfield></marc:datafield><marc:datafield tag="245" ind1="1" ind2="0"><marc:subfield code="a">Jared Sparks and Alexis de Tocqueville.</marc:subfield></marc:datafield><marc:datafield tag="260" ind1=" " ind2=" "><marc:subfield code="a">Baltimore,</marc:subfield><marc:subfield code="c">1898.</marc:subfield></marc:datafield><marc:datafield tag="300" ind1=" " ind2=" "><marc:subfield code="a">61 p. ;</marc:subfield><marc:subfield code="c">8º.</marc:subfield></marc:datafield><marc:datafield tag="490" ind1="0" ind2=" "><marc:subfield code="a">[Johns Hopkins University Studies in Historical and Political Science. ser. 16. no. 12.]</marc:subfield></marc:datafield><marc:datafield tag="700" ind1="1" ind2=" "><marc:subfield code="a">Tocqueville, Alexis de,</marc:subfield><marc:subfield code="d">1805-1859.</marc:subfield><marc:subfield code="t">Appendix.</marc:subfield></marc:datafield><marc:datafield tag="700" ind1="1" ind2=" "><marc:subfield code="a">SPARKS, Jared.</marc:subfield><marc:subfield code="t">Appendix.</marc:subfield></marc:datafield><marc:datafield tag="852" ind1="4" ind2="1"><marc:subfield code="a">British Library</marc:subfield><marc:subfield code="b">HMNTS</marc:subfield><marc:subfield code="j">Ac.2689.</marc:subfield></marc:datafield><marc:datafield tag="886" ind1="2" ind2=" "><marc:subfield code="2">blmarc</marc:subfield><marc:subfield code="a">709</marc:subfield><marc:subfield code="b">00</marc:subfield><marc:subfield code="a">CLÉREL DE TOCQUEVILLE</marc:subfield><marc:subfield code="h">Charles Alexis Henri Maurice</marc:subfield><marc:subfield code="f">Count</marc:subfield><marc:subfield code="t">Appendix</marc:subfield><marc:subfield code="p">Ac.2689.</marc:subfield><marc:subfield code="x">0641900090</marc:subfield></marc:datafield><marc:datafield tag="886" ind1="2" ind2=" "><marc:subfield code="2">blmarc</marc:subfield><marc:subfield code="a">709</marc:subfield><marc:subfield code="b">00</marc:subfield><marc:subfield code="a">SPARKS</marc:subfield><marc:subfield code="h">Jared</marc:subfield><marc:subfield code="t">Appendix</marc:subfield><marc:subfield code="p">Ac.2689.</marc:subfield><marc:subfield code="x">3092500008</marc:subfield></marc:datafield></marc:record>