
<marc:record><marc:leader>00601cam a22001693  4500</marc:leader>
<marc:controlfield tag="001">000015695</marc:controlfield>
<marc:controlfield tag="003">Uk</marc:controlfield><marc:controlfield tag="005">20130708175200.0</marc:controlfield><marc:controlfield tag="008">870814|1893||||xxu    ||     ||| ||eng  </marc:controlfield><marc:datafield tag="040" ind1=" " ind2=" "><marc:subfield code="a">Uk</marc:subfield><marc:subfield code="c">Uk</marc:subfield></marc:datafield><marc:datafield tag="100" ind1="1" ind2=" "><marc:subfield code="a">ADAMS, Herbert Baxter.</marc:subfield></marc:datafield><marc:datafield tag="245" ind1="1" ind2="4"><marc:subfield code="a">The Life and Writings of Jared Sparks, comprising selections from his journals and correspondence.</marc:subfield></marc:datafield><marc:datafield tag="260" ind1=" " ind2=" "><marc:subfield code="a">Boston ;</marc:subfield><marc:subfield code="a">New York :</marc:subfield><marc:subfield code="b">Houghton, Mifflin &amp; Co.,</marc:subfield><marc:subfield code="c">1893.</marc:subfield></marc:datafield><marc:datafield tag="300" ind1=" " ind2=" "><marc:subfield code="a">2 vol. ;</marc:subfield><marc:subfield code="c">8º.</marc:subfield></marc:datafield><marc:datafield tag="700" ind1="1" ind2=" "><marc:subfield code="a">SPARKS, Jared.</marc:subfield><marc:subfield code="t">Appendix.</marc:subfield></marc:datafield><marc:datafield tag="852" ind1="4" ind2="1"><marc:subfield code="a">British Library</marc:subfield><marc:subfield code="b">HMNTS</marc:subfield><marc:subfield code="j">010882.m.23.</marc:subfield></marc:datafield><marc:datafield tag="886" ind1="2" ind2=" "><marc:subfield code="2">blmarc</marc:subfield><marc:subfield code="a">709</marc:subfield><marc:subfield code="b">00</marc:subfield><marc:subfield code="a">SPARKS</marc:subfield><marc:subfield code="h">Jared</marc:subfield><marc:subfield code="t">Appendix</marc:subfield><marc:subfield code="p">010882.m.23.</marc:subfield><marc:subfield code="x">3092500016</marc:subfield></marc:datafield></marc:record>