
<marc:record><marc:leader>01007cam a22002053  4500</marc:leader>
<marc:controlfield tag="001">000015713</marc:controlfield>
<marc:controlfield tag="003">Uk</marc:controlfield><marc:controlfield tag="005">20110224145400.0</marc:controlfield><marc:controlfield tag="008">870814|1892|||||||    ||     ||| |||||  </marc:controlfield><marc:datafield tag="040" ind1=" " ind2=" "><marc:subfield code="a">Uk</marc:subfield><marc:subfield code="c">Uk</marc:subfield></marc:datafield><marc:datafield tag="100" ind1="1" ind2=" "><marc:subfield code="a">ADAMS, Herbert Baxter,</marc:subfield><marc:subfield code="c">and WOOD (Henry) Political Economist.</marc:subfield></marc:datafield><marc:datafield tag="245" ind1="1" ind2="0"><marc:subfield code="a">Columbus and his Discovery of America. (The First Jew in America. By Professor M. Kayserling. Columbus in Oriental Literature. By Dr. Cyrus Adler. Appendix. I. Bibliographies of the Discovery of America ... II. Public Memorials of Columbus. By. C. W. Bump.).</marc:subfield></marc:datafield><marc:datafield tag="260" ind1=" " ind2=" "><marc:subfield code="a">Baltimore,</marc:subfield><marc:subfield code="c">1892.</marc:subfield></marc:datafield><marc:datafield tag="300" ind1=" " ind2=" "><marc:subfield code="a">88 p. ;</marc:subfield><marc:subfield code="c">8º.</marc:subfield></marc:datafield><marc:datafield tag="490" ind1="0" ind2=" "><marc:subfield code="a">[Johns Hopkins University Studies in Historical and Political Science. ser. 10. no. 10, 11.]</marc:subfield></marc:datafield><marc:datafield tag="700" ind1="1" ind2=" "><marc:subfield code="a">Columbus, Christopher.</marc:subfield><marc:subfield code="t">Appendix.</marc:subfield></marc:datafield><marc:datafield tag="700" ind1="1" ind2=" "><marc:subfield code="a">Wood, Henry,</marc:subfield><marc:subfield code="d">1834-1909.</marc:subfield></marc:datafield><marc:datafield tag="852" ind1="4" ind2="1"><marc:subfield code="a">British Library</marc:subfield><marc:subfield code="b">HMNTS</marc:subfield><marc:subfield code="j">Ac.2689.</marc:subfield></marc:datafield><marc:datafield tag="886" ind1="2" ind2=" "><marc:subfield code="2">blmarc</marc:subfield><marc:subfield code="a">709</marc:subfield><marc:subfield code="b">00</marc:subfield><marc:subfield code="a">COLOMBO</marc:subfield><marc:subfield code="h">Cristoforo</marc:subfield><marc:subfield code="t">Appendix</marc:subfield><marc:subfield code="p">Ac.2689.</marc:subfield><marc:subfield code="x">0664270174</marc:subfield></marc:datafield><marc:datafield tag="886" ind1="2" ind2=" "><marc:subfield code="2">blmarc</marc:subfield><marc:subfield code="a">709</marc:subfield><marc:subfield code="b">00</marc:subfield><marc:subfield code="a">WOOD</marc:subfield><marc:subfield code="h">Henry</marc:subfield><marc:subfield code="f">Political Economist</marc:subfield><marc:subfield code="p">Ac.2689.</marc:subfield><marc:subfield code="x">3550440278</marc:subfield></marc:datafield></marc:record>