
<marc:record><marc:leader>00834cam a22001693  4500</marc:leader>
<marc:controlfield tag="001">000015771</marc:controlfield>
<marc:controlfield tag="003">Uk</marc:controlfield><marc:controlfield tag="005">20130708175200.0</marc:controlfield><marc:controlfield tag="008">870814|1818||||enk    ||     ||| ||eng  </marc:controlfield><marc:datafield tag="040" ind1=" " ind2=" "><marc:subfield code="a">Uk</marc:subfield><marc:subfield code="c">Uk</marc:subfield></marc:datafield><marc:datafield tag="100" ind1="1" ind2=" "><marc:subfield code="a">ADAMS, James,</marc:subfield><marc:subfield code="c">of Stonehouse, Plymouth.</marc:subfield></marc:datafield><marc:datafield tag="245" ind1="1" ind2="4"><marc:subfield code="a">The Elements of the Ellipse, together with the Radii of Curvature, &amp;c., relating to that curve and of centripetal and centrifugal forces in elliptical orbits; to which is added, the first of Dr. Mathew Stewart's Tracts. [With diagrams.]</marc:subfield></marc:datafield><marc:datafield tag="260" ind1=" " ind2=" "><marc:subfield code="a">London :</marc:subfield><marc:subfield code="b">Longman &amp; Co.,</marc:subfield><marc:subfield code="c">1818.</marc:subfield></marc:datafield><marc:datafield tag="300" ind1=" " ind2=" "><marc:subfield code="a">viii, 152 p. ;</marc:subfield><marc:subfield code="c">8º.</marc:subfield></marc:datafield><marc:datafield tag="700" ind1="1" ind2=" "><marc:subfield code="a">STEWART, Matthew,</marc:subfield><marc:subfield code="c">Professor of Mathematics in the University of Edinburgh.</marc:subfield></marc:datafield><marc:datafield tag="852" ind1="4" ind2="1"><marc:subfield code="a">British Library</marc:subfield><marc:subfield code="b">HMNTS</marc:subfield><marc:subfield code="j">530.e.23.</marc:subfield></marc:datafield><marc:datafield tag="886" ind1="2" ind2=" "><marc:subfield code="2">blmarc</marc:subfield><marc:subfield code="a">709</marc:subfield><marc:subfield code="b">00</marc:subfield><marc:subfield code="a">STEWART</marc:subfield><marc:subfield code="h">Matthew</marc:subfield><marc:subfield code="f">Professor of Mathematics in the University of Edinburgh</marc:subfield><marc:subfield code="p">530.e.23.</marc:subfield><marc:subfield code="x">3133890220</marc:subfield></marc:datafield></marc:record>