
<marc:record><marc:leader>00834cam a22001933  4500</marc:leader>
<marc:controlfield tag="001">000015774</marc:controlfield>
<marc:controlfield tag="003">Uk</marc:controlfield><marc:controlfield tag="005">20060717141307.0</marc:controlfield><marc:controlfield tag="008">870814s1843    enk           000 0 eng  </marc:controlfield><marc:datafield tag="040" ind1=" " ind2=" "><marc:subfield code="a">Uk</marc:subfield><marc:subfield code="c">Uk</marc:subfield></marc:datafield><marc:datafield tag="100" ind1="1" ind2=" "><marc:subfield code="a">ADAMS, James,</marc:subfield><marc:subfield code="c">Tailor.</marc:subfield></marc:datafield><marc:datafield tag="245" ind1="1" ind2="0"><marc:subfield code="a">Anatomical self-varying system of cutting coats, waistcoats, trowsers, breeches, and habits;</marc:subfield><marc:subfield code="b">also a treatise on the errors of cutting by breast measure systems; ... With six plates, ...</marc:subfield><marc:subfield code="c">By James Adams.</marc:subfield></marc:datafield><marc:datafield tag="246" ind1="1" ind2="4"><marc:subfield code="a">Adams's anatomical self-varying system of cutting.</marc:subfield></marc:datafield><marc:datafield tag="260" ind1=" " ind2=" "><marc:subfield code="a">Cirencester :</marc:subfield><marc:subfield code="b">Thomas Philip Baily ,</marc:subfield><marc:subfield code="c">[1843]</marc:subfield></marc:datafield><marc:datafield tag="300" ind1=" " ind2=" "><marc:subfield code="a">42, [2] p., 6 leaves of plates ;</marc:subfield><marc:subfield code="c">28 cm. (4º)</marc:subfield></marc:datafield><marc:datafield tag="500" ind1=" " ind2=" "><marc:subfield code="a">Price 30s.</marc:subfield></marc:datafield><marc:datafield tag="500" ind1=" " ind2=" "><marc:subfield code="a">The copy at shelfmark RB. has the stamp of the Patent Office Library.</marc:subfield></marc:datafield><marc:datafield tag="852" ind1="4" ind2="1"><marc:subfield code="a">British Library</marc:subfield><marc:subfield code="b">HMNTS</marc:subfield><marc:subfield code="j">1269.g.3.</marc:subfield></marc:datafield><marc:datafield tag="852" ind1="4" ind2="1"><marc:subfield code="a">British Library</marc:subfield><marc:subfield code="b">HMNTS</marc:subfield><marc:subfield code="j">RB.23.b.5376</marc:subfield></marc:datafield></marc:record>