
<marc:record><marc:leader>00670cam a22001573  4500</marc:leader>
<marc:controlfield tag="001">000015858</marc:controlfield>
<marc:controlfield tag="003">Uk</marc:controlfield><marc:controlfield tag="005">20130611183900.0</marc:controlfield><marc:controlfield tag="008">870814|1850|||||||    ||     ||| ||eng  </marc:controlfield><marc:datafield tag="040" ind1=" " ind2=" "><marc:subfield code="a">Uk</marc:subfield><marc:subfield code="c">Uk</marc:subfield></marc:datafield><marc:datafield tag="100" ind1="1" ind2=" "><marc:subfield code="a">ADAMS, John</marc:subfield><marc:subfield code="c">(Barrister at Law)</marc:subfield></marc:datafield><marc:datafield tag="245" ind1="1" ind2="4"><marc:subfield code="a">The Doctrine of Equity; being a commentary on the law as administered by the Court of Chancery.</marc:subfield></marc:datafield><marc:datafield tag="260" ind1=" " ind2=" "><marc:subfield code="a">London :</marc:subfield><marc:subfield code="b">W. Benning &amp; Co.,</marc:subfield><marc:subfield code="c">1850.</marc:subfield></marc:datafield><marc:datafield tag="300" ind1=" " ind2=" "><marc:subfield code="a">lxix, 454 p. ;</marc:subfield><marc:subfield code="c">8º.</marc:subfield></marc:datafield><marc:datafield tag="775" ind1="0" ind2=" "><marc:subfield code="t">[The Doctrine of Equity; being a commentary on the law as administered by the Court of Chancery.]</marc:subfield><marc:subfield code="d">pp. lxxxv. 831. T. &amp; J. W. Johnson &amp; Co.: Philadelphia, 1873. 8º.</marc:subfield><marc:subfield code="w">(Uk)MP1.0000018148.1</marc:subfield></marc:datafield><marc:datafield tag="852" ind1="4" ind2="1"><marc:subfield code="a">British Library</marc:subfield><marc:subfield code="b">HMNTS</marc:subfield><marc:subfield code="j">6190.e.8.</marc:subfield></marc:datafield></marc:record>