
<marc:record><marc:leader>00811cam a22001693  4500</marc:leader>
<marc:controlfield tag="001">000015859</marc:controlfield>
<marc:controlfield tag="003">Uk</marc:controlfield><marc:controlfield tag="005">20130611183900.0</marc:controlfield><marc:controlfield tag="008">870814|1873|||||||    ||     ||| |||||  </marc:controlfield><marc:datafield tag="040" ind1=" " ind2=" "><marc:subfield code="a">Uk</marc:subfield><marc:subfield code="c">Uk</marc:subfield></marc:datafield><marc:datafield tag="100" ind1="1" ind2=" "><marc:subfield code="a">ADAMS, John</marc:subfield><marc:subfield code="c">(Barrister at Law)</marc:subfield></marc:datafield><marc:datafield tag="245" ind1="1" ind2="5"><marc:subfield code="a">[The Doctrine of Equity; being a commentary on the law as administered by the Court of Chancery.]</marc:subfield></marc:datafield><marc:datafield tag="250" ind1=" " ind2=" "><marc:subfield code="a">Sixth American edition. Containing the notes to the previous editions ... With additional notes ... by George Sharswood, Jr.</marc:subfield></marc:datafield><marc:datafield tag="260" ind1=" " ind2=" "><marc:subfield code="a">Philadelphia :</marc:subfield><marc:subfield code="b">T. &amp; J. W. Johnson &amp; Co.,</marc:subfield><marc:subfield code="c">1873.</marc:subfield></marc:datafield><marc:datafield tag="300" ind1=" " ind2=" "><marc:subfield code="a">lxxxv, 831 p. ;</marc:subfield><marc:subfield code="c">8º.</marc:subfield></marc:datafield><marc:datafield tag="787" ind1="0" ind2=" "><marc:subfield code="t">The Doctrine of Equity; being a commentary on the law as administered by the Court of Chancery.</marc:subfield><marc:subfield code="d">pp. lxix. 454. W. Benning &amp; Co.: London, 1850. 8º.</marc:subfield><marc:subfield code="w">(Uk)MP1.0000018148</marc:subfield></marc:datafield><marc:datafield tag="852" ind1="4" ind2="1"><marc:subfield code="a">British Library</marc:subfield><marc:subfield code="b">HMNTS</marc:subfield><marc:subfield code="j">D-6190.e.9.</marc:subfield></marc:datafield></marc:record>