
<marc:record><marc:leader>00809 am a22001573  4500</marc:leader>
<marc:controlfield tag="001">000015860</marc:controlfield>
<marc:controlfield tag="003">Uk</marc:controlfield><marc:controlfield tag="005">20091125221700.0</marc:controlfield><marc:controlfield tag="008">870814|1822|||||||    ||     ||| |||||  </marc:controlfield><marc:datafield tag="040" ind1=" " ind2=" "><marc:subfield code="a">Uk</marc:subfield><marc:subfield code="c">Uk</marc:subfield></marc:datafield><marc:datafield tag="100" ind1="1" ind2=" "><marc:subfield code="a">ADAMS, John,</marc:subfield><marc:subfield code="c">Captain.</marc:subfield></marc:datafield><marc:datafield tag="245" ind1="1" ind2="0"><marc:subfield code="a">Sketches taken during ten Voyages to Africa, between the years 1786 and 1800; including observations on the country between Cape Palmas and the river Congo, etc. [With maps.]</marc:subfield></marc:datafield><marc:datafield tag="260" ind1=" " ind2=" "><marc:subfield code="a">London :</marc:subfield><marc:subfield code="b">Hurst, Robinson &amp; Co.,</marc:subfield><marc:subfield code="c">[1822]</marc:subfield></marc:datafield><marc:datafield tag="300" ind1=" " ind2=" "><marc:subfield code="a">v. 119 p. ;</marc:subfield><marc:subfield code="c">8º.</marc:subfield></marc:datafield><marc:datafield tag="775" ind1="0" ind2=" "><marc:subfield code="t">[Sketches taken during ten Voyages to Africa, between the years 1786 and 1800; including observations on the country between Cape Palmas and the river Congo, etc. [With maps.]]</marc:subfield><marc:subfield code="d">pp. ix. 265. G. &amp; W. B. Whittaker: London, 1823. 8º.</marc:subfield><marc:subfield code="w">(Uk)MP1.0000018149.1</marc:subfield></marc:datafield><marc:datafield tag="852" ind1="4" ind2="1"><marc:subfield code="a">British Library</marc:subfield><marc:subfield code="b">HMNTS</marc:subfield><marc:subfield code="j">1047.h.7.</marc:subfield></marc:datafield></marc:record>