
<marc:record><marc:leader>01001 am a22001693  4500</marc:leader>
<marc:controlfield tag="001">000015861</marc:controlfield>
<marc:controlfield tag="003">Uk</marc:controlfield><marc:controlfield tag="005">20091125221700.0</marc:controlfield><marc:controlfield tag="008">870814|1823|||||||    ||     ||| |||||  </marc:controlfield><marc:datafield tag="040" ind1=" " ind2=" "><marc:subfield code="a">Uk</marc:subfield><marc:subfield code="c">Uk</marc:subfield></marc:datafield><marc:datafield tag="100" ind1="1" ind2=" "><marc:subfield code="a">ADAMS, John,</marc:subfield><marc:subfield code="c">Captain.</marc:subfield></marc:datafield><marc:datafield tag="245" ind1="1" ind2="0"><marc:subfield code="a">[Sketches taken during ten Voyages to Africa, between the years 1786 and 1800; including observations on the country between Cape Palmas and the river Congo, etc. [With maps.]]</marc:subfield></marc:datafield><marc:datafield tag="250" ind1=" " ind2=" "><marc:subfield code="a">[Another edition.] Remarks on the Country extending from Cape Palmas to the River Congo, including observations on the manners and customs of the inhabitants, etc. [With maps.]</marc:subfield></marc:datafield><marc:datafield tag="260" ind1=" " ind2=" "><marc:subfield code="a">London :</marc:subfield><marc:subfield code="b">G. &amp; W. B. Whittaker,</marc:subfield><marc:subfield code="c">1823.</marc:subfield></marc:datafield><marc:datafield tag="300" ind1=" " ind2=" "><marc:subfield code="a">ix. 265 p. ;</marc:subfield><marc:subfield code="c">8º.</marc:subfield></marc:datafield><marc:datafield tag="787" ind1="0" ind2=" "><marc:subfield code="t">Sketches taken during ten Voyages to Africa, between the years 1786 and 1800; including observations on the country between Cape Palmas and the river Congo, etc. [With maps.]</marc:subfield><marc:subfield code="d">pp. v. 119. Hurst, Robinson &amp; Co.: London, [1822.] 8º.</marc:subfield><marc:subfield code="w">(Uk)MP1.0000018149</marc:subfield></marc:datafield><marc:datafield tag="852" ind1="4" ind2="1"><marc:subfield code="a">British Library</marc:subfield><marc:subfield code="b">HMNTS</marc:subfield><marc:subfield code="j">1047.h.6.</marc:subfield></marc:datafield></marc:record>