
<marc:record><marc:leader>00864cam a22001933  4500</marc:leader>
<marc:controlfield tag="001">000015886</marc:controlfield>
<marc:controlfield tag="003">Uk</marc:controlfield><marc:controlfield tag="005">20120203162600.0</marc:controlfield><marc:controlfield tag="008">870814|1876|||||||    ||     ||| |||||  </marc:controlfield><marc:datafield tag="040" ind1=" " ind2=" "><marc:subfield code="a">Uk</marc:subfield><marc:subfield code="c">Uk</marc:subfield></marc:datafield><marc:datafield tag="100" ind1="1" ind2=" "><marc:subfield code="a">Adams, John,</marc:subfield><marc:subfield code="d">1735-1826</marc:subfield></marc:datafield><marc:datafield tag="245" ind1="1" ind2="0"><marc:subfield code="a">Familiar Letters of John Adams and his wife Abigail Adams, during the Revolution. With a memoir of Mrs. Adams. By Charles Francis Adams. [With a portrait of Mrs. Adams.]</marc:subfield></marc:datafield><marc:datafield tag="260" ind1=" " ind2=" "><marc:subfield code="a">New York :</marc:subfield><marc:subfield code="b">Hurd &amp; Houghton,</marc:subfield><marc:subfield code="c">1876.</marc:subfield></marc:datafield><marc:datafield tag="300" ind1=" " ind2=" "><marc:subfield code="a">xxxii, 424 p. ;</marc:subfield><marc:subfield code="c">8º.</marc:subfield></marc:datafield><marc:datafield tag="700" ind1="1" ind2=" "><marc:subfield code="a">ADAMS, Abigail,</marc:subfield><marc:subfield code="c">Mrs.</marc:subfield></marc:datafield><marc:datafield tag="700" ind1="1" ind2=" "><marc:subfield code="a">ADAMS, Charles Francis,</marc:subfield><marc:subfield code="c">U.S. Minister at the Court of St. James's.</marc:subfield></marc:datafield><marc:datafield tag="852" ind1="4" ind2="1"><marc:subfield code="a">British Library</marc:subfield><marc:subfield code="b">HMNTS</marc:subfield><marc:subfield code="j">10921.bbb.1.</marc:subfield></marc:datafield><marc:datafield tag="886" ind1="2" ind2=" "><marc:subfield code="2">blmarc</marc:subfield><marc:subfield code="a">709</marc:subfield><marc:subfield code="b">00</marc:subfield><marc:subfield code="a">ADAMS</marc:subfield><marc:subfield code="h">Abigail</marc:subfield><marc:subfield code="f">Mrs.</marc:subfield><marc:subfield code="p">10921.bbb.1.</marc:subfield><marc:subfield code="x">0021510199</marc:subfield></marc:datafield><marc:datafield tag="886" ind1="2" ind2=" "><marc:subfield code="2">blmarc</marc:subfield><marc:subfield code="a">709</marc:subfield><marc:subfield code="b">00</marc:subfield><marc:subfield code="a">ADAMS</marc:subfield><marc:subfield code="h">Charles Francis</marc:subfield><marc:subfield code="f">U.S. Minister at the Court of St. James's</marc:subfield><marc:subfield code="p">10921.bbb.1.</marc:subfield><marc:subfield code="x">0021590303</marc:subfield></marc:datafield></marc:record>