
<marc:record><marc:leader>01210cam a22002773  4500</marc:leader>
<marc:controlfield tag="001">000015907</marc:controlfield>
<marc:controlfield tag="003">Uk</marc:controlfield><marc:controlfield tag="005">20110421142300.0</marc:controlfield><marc:controlfield tag="008">961018|1826|||||||    ||     ||| |||||  </marc:controlfield><marc:datafield tag="040" ind1=" " ind2=" "><marc:subfield code="a">Uk</marc:subfield><marc:subfield code="c">Uk</marc:subfield></marc:datafield><marc:datafield tag="100" ind1="1" ind2=" "><marc:subfield code="a">Adams, John,</marc:subfield><marc:subfield code="d">1735-1826</marc:subfield></marc:datafield><marc:datafield tag="245" ind1="1" ind2="2"><marc:subfield code="a">A Selection of Eulogies, pronounced in the several States, in honour of John Adams and Thomas Jefferson.</marc:subfield></marc:datafield><marc:datafield tag="260" ind1=" " ind2=" "><marc:subfield code="a">pp. 426. D. C. Robinson &amp; Co.; Norton &amp; Russell: Hartford, 1826.</marc:subfield></marc:datafield><marc:datafield tag="300" ind1=" " ind2=" "><marc:subfield code="a">8º.</marc:subfield></marc:datafield><marc:datafield tag="700" ind1="1" ind2=" "><marc:subfield code="a">Jefferson, Thomas,</marc:subfield><marc:subfield code="d">1743-1826</marc:subfield><marc:subfield code="t">Appendix.</marc:subfield></marc:datafield><marc:datafield tag="700" ind1="1" ind2=" "><marc:subfield code="a">SPRAGUE, Peleg.</marc:subfield></marc:datafield><marc:datafield tag="700" ind1="1" ind2=" "><marc:subfield code="a">THORNTON, William F.</marc:subfield></marc:datafield><marc:datafield tag="700" ind1="1" ind2=" "><marc:subfield code="a">TURNER, Edward,</marc:subfield><marc:subfield code="c">of Portsmouth, New Hampshire.</marc:subfield></marc:datafield><marc:datafield tag="700" ind1="1" ind2=" "><marc:subfield code="a">TYLER, John,</marc:subfield><marc:subfield code="c">President of the United States of America.</marc:subfield></marc:datafield><marc:datafield tag="700" ind1="1" ind2=" "><marc:subfield code="a">WIRT, William.</marc:subfield></marc:datafield><marc:datafield tag="852" ind1="4" ind2="1"><marc:subfield code="a">British Library</marc:subfield><marc:subfield code="b">HMNTS</marc:subfield><marc:subfield code="j">1453.k.10.</marc:subfield></marc:datafield><marc:datafield tag="886" ind1="2" ind2=" "><marc:subfield code="2">blmarc</marc:subfield><marc:subfield code="a">709</marc:subfield><marc:subfield code="b">00</marc:subfield><marc:subfield code="a">SPRAGUE</marc:subfield><marc:subfield code="h">Peleg</marc:subfield><marc:subfield code="p">1453.k.10.</marc:subfield><marc:subfield code="x">3102310214</marc:subfield></marc:datafield><marc:datafield tag="886" ind1="2" ind2=" "><marc:subfield code="2">blmarc</marc:subfield><marc:subfield code="a">709</marc:subfield><marc:subfield code="b">00</marc:subfield><marc:subfield code="a">THORNTON</marc:subfield><marc:subfield code="h">William F.</marc:subfield><marc:subfield code="p">1453.k.10.</marc:subfield><marc:subfield code="x">3253080048</marc:subfield></marc:datafield><marc:datafield tag="886" ind1="2" ind2=" "><marc:subfield code="2">blmarc</marc:subfield><marc:subfield code="a">709</marc:subfield><marc:subfield code="b">00</marc:subfield><marc:subfield code="a">TURNER</marc:subfield><marc:subfield code="h">Edward</marc:subfield><marc:subfield code="f">of Portsmouth, New Hampshire</marc:subfield><marc:subfield code="p">1453.k.10.</marc:subfield><marc:subfield code="x">3311080114</marc:subfield></marc:datafield><marc:datafield tag="886" ind1="2" ind2=" "><marc:subfield code="2">blmarc</marc:subfield><marc:subfield code="a">709</marc:subfield><marc:subfield code="b">00</marc:subfield><marc:subfield code="a">TYLER</marc:subfield><marc:subfield code="h">John</marc:subfield><marc:subfield code="f">President of the United States of America</marc:subfield><marc:subfield code="p">1453.k.10.</marc:subfield><marc:subfield code="x">3313640265</marc:subfield></marc:datafield><marc:datafield tag="886" ind1="2" ind2=" "><marc:subfield code="2">blmarc</marc:subfield><marc:subfield code="a">709</marc:subfield><marc:subfield code="b">00</marc:subfield><marc:subfield code="a">WIRT</marc:subfield><marc:subfield code="h">William</marc:subfield><marc:subfield code="p">1453.k.10.</marc:subfield><marc:subfield code="x">3534320190</marc:subfield></marc:datafield></marc:record>