
<marc:record><marc:leader>00700cam a22001573  4500</marc:leader>
<marc:controlfield tag="001">000015938</marc:controlfield>
<marc:controlfield tag="003">Uk</marc:controlfield><marc:controlfield tag="005">20101223154100.0</marc:controlfield><marc:controlfield tag="008">870814|1806|||||||    ||     ||| ||eng  </marc:controlfield><marc:datafield tag="040" ind1=" " ind2=" "><marc:subfield code="a">Uk</marc:subfield><marc:subfield code="c">Uk</marc:subfield></marc:datafield><marc:datafield tag="100" ind1="1" ind2=" "><marc:subfield code="a">ADAMS, John,</marc:subfield><marc:subfield code="c">Rev., Master of the Academy at Putney.</marc:subfield></marc:datafield><marc:datafield tag="245" ind1="1" ind2="4"><marc:subfield code="a">The Elements of useful knowledge ... The fourth edition, much improved and enlarged, etc. [With plates.]</marc:subfield></marc:datafield><marc:datafield tag="260" ind1=" " ind2=" "><marc:subfield code="a">pp. xx. 314. F. C. &amp; J. Rivington, etc.: London, 1806.</marc:subfield></marc:datafield><marc:datafield tag="300" ind1=" " ind2=" "><marc:subfield code="a">12º.</marc:subfield></marc:datafield><marc:datafield tag="775" ind1="0" ind2=" "><marc:subfield code="t">[The Elements of useful knowledge ... The fourth edition, much improved and enlarged, etc. [With plates.]]</marc:subfield><marc:subfield code="d">pp. viii. 400. Law &amp; Whittaker: London, 1817. 12º.</marc:subfield><marc:subfield code="w">(Uk)MP1.0000018216.1</marc:subfield></marc:datafield><marc:datafield tag="852" ind1="4" ind2="1"><marc:subfield code="a">British Library</marc:subfield><marc:subfield code="b">HMNTS</marc:subfield><marc:subfield code="j">1508/1279.</marc:subfield></marc:datafield></marc:record>