
<marc:record><marc:leader>00781 am a22001933  4500</marc:leader>
<marc:controlfield tag="001">000015947</marc:controlfield>
<marc:controlfield tag="003">Uk</marc:controlfield><marc:controlfield tag="005">20091125221700.0</marc:controlfield><marc:controlfield tag="008">980903|1803|||||||    ||     ||| |||||  </marc:controlfield><marc:datafield tag="040" ind1=" " ind2=" "><marc:subfield code="a">Uk</marc:subfield><marc:subfield code="c">Uk</marc:subfield></marc:datafield><marc:datafield tag="100" ind1="1" ind2=" "><marc:subfield code="a">ADAMS, John,</marc:subfield><marc:subfield code="c">Rev., Master of the Academy at Putney.</marc:subfield></marc:datafield><marc:datafield tag="245" ind1="1" ind2="5"><marc:subfield code="a">[The Flowers of Modern History, etc. (A new edition, enlarged.)]</marc:subfield></marc:datafield><marc:datafield tag="250" ind1=" " ind2=" "><marc:subfield code="a">Fourth edition, enlarged and corrected.</marc:subfield></marc:datafield><marc:datafield tag="260" ind1=" " ind2=" "><marc:subfield code="a">London: printed for G. Kearsley, etc., 1803.</marc:subfield></marc:datafield><marc:datafield tag="300" ind1=" " ind2=" "><marc:subfield code="a">pp. xi, 348. (12º); 18 cm.</marc:subfield></marc:datafield><marc:datafield tag="500" ind1=" " ind2=" "><marc:subfield code="a">Pp. 83-86 mutilated.</marc:subfield></marc:datafield><marc:datafield tag="500" ind1=" " ind2=" "><marc:subfield code="a">MS. ownership inscription: Master Thomas Davis.</marc:subfield></marc:datafield><marc:datafield tag="787" ind1="0" ind2=" "><marc:subfield code="t">The Flowers of Modern History, etc. (A new edition, enlarged.)</marc:subfield><marc:subfield code="d">pp. xi. 348. G. Kearsley: London, 1796. 12º.</marc:subfield><marc:subfield code="w">(Uk)MP1.0000018222</marc:subfield></marc:datafield><marc:datafield tag="852" ind1="4" ind2="1"><marc:subfield code="a">British Library</marc:subfield><marc:subfield code="b">HMNTS</marc:subfield><marc:subfield code="j">RB.23.a.17347.</marc:subfield></marc:datafield></marc:record>