
<marc:record><marc:leader>00737cam a22001573  4500</marc:leader>
<marc:controlfield tag="001">000015952</marc:controlfield>
<marc:controlfield tag="003">Uk</marc:controlfield><marc:controlfield tag="005">20111222151700.0</marc:controlfield><marc:controlfield tag="008">870814|1807|||||||    ||     ||| |||||  </marc:controlfield><marc:datafield tag="040" ind1=" " ind2=" "><marc:subfield code="a">Uk</marc:subfield><marc:subfield code="c">Uk</marc:subfield></marc:datafield><marc:datafield tag="100" ind1="1" ind2=" "><marc:subfield code="a">ADAMS, John,</marc:subfield><marc:subfield code="c">Rev., Master of the Academy at Putney.</marc:subfield></marc:datafield><marc:datafield tag="245" ind1="1" ind2="0"><marc:subfield code="a">Select Lessons on Morality, History, and Biography; being a translation of Lectiones selectæ ... The sixth edition, revised and corrected.</marc:subfield></marc:datafield><marc:datafield tag="260" ind1=" " ind2=" "><marc:subfield code="a">London :</marc:subfield><marc:subfield code="b">C. Law,</marc:subfield><marc:subfield code="c">1807.</marc:subfield></marc:datafield><marc:datafield tag="300" ind1=" " ind2=" "><marc:subfield code="a">106 p. ;</marc:subfield><marc:subfield code="c">12º.</marc:subfield></marc:datafield><marc:datafield tag="775" ind1="0" ind2=" "><marc:subfield code="t">[Select Lessons on Morality, History, and Biography; being a translation of Lectiones selectæ ... The sixth edition, revised and corrected.]</marc:subfield><marc:subfield code="d">pp. 93. C. Law: London, 1814. 12º.</marc:subfield><marc:subfield code="w">(Uk)MP1.0000018228.1</marc:subfield></marc:datafield><marc:datafield tag="852" ind1="4" ind2="1"><marc:subfield code="a">British Library</marc:subfield><marc:subfield code="b">HMNTS</marc:subfield><marc:subfield code="j">12933.aaa.25.</marc:subfield></marc:datafield></marc:record>