
<marc:record><marc:leader>01009cam a22001933  4500</marc:leader>
<marc:controlfield tag="001">000015953</marc:controlfield>
<marc:controlfield tag="003">Uk</marc:controlfield><marc:controlfield tag="005">20111222151700.0</marc:controlfield><marc:controlfield tag="008">870814|1814|||||||    ||     ||| |||||  </marc:controlfield><marc:datafield tag="040" ind1=" " ind2=" "><marc:subfield code="a">Uk</marc:subfield><marc:subfield code="c">Uk</marc:subfield></marc:datafield><marc:datafield tag="100" ind1="1" ind2=" "><marc:subfield code="a">ADAMS, John,</marc:subfield><marc:subfield code="c">Rev., Master of the Academy at Putney.</marc:subfield></marc:datafield><marc:datafield tag="245" ind1="1" ind2="0"><marc:subfield code="a">[Select Lessons on Morality, History, and Biography; being a translation of Lectiones selectæ ... The sixth edition, revised and corrected.]</marc:subfield></marc:datafield><marc:datafield tag="250" ind1=" " ind2=" "><marc:subfield code="a">The seventh edition, revised ... by ... George Whittaker.</marc:subfield></marc:datafield><marc:datafield tag="260" ind1=" " ind2=" "><marc:subfield code="a">London :</marc:subfield><marc:subfield code="b">C. Law,</marc:subfield><marc:subfield code="c">1814.</marc:subfield></marc:datafield><marc:datafield tag="300" ind1=" " ind2=" "><marc:subfield code="a">93 p. ;</marc:subfield><marc:subfield code="c">12º.</marc:subfield></marc:datafield><marc:datafield tag="700" ind1="1" ind2=" "><marc:subfield code="a">WHITAKER, George,</marc:subfield><marc:subfield code="c">Master of the Grammar School at Southampton.</marc:subfield></marc:datafield><marc:datafield tag="787" ind1="0" ind2=" "><marc:subfield code="t">Select Lessons on Morality, History, and Biography; being a translation of Lectiones selectæ ... The sixth edition, revised and corrected.</marc:subfield><marc:subfield code="d">pp. 106. C. Law: London, 1807. 12º.</marc:subfield><marc:subfield code="w">(Uk)MP1.0000018228</marc:subfield></marc:datafield><marc:datafield tag="852" ind1="4" ind2="1"><marc:subfield code="a">British Library</marc:subfield><marc:subfield code="b">HMNTS</marc:subfield><marc:subfield code="j">12934.aa.33.</marc:subfield></marc:datafield><marc:datafield tag="886" ind1="2" ind2=" "><marc:subfield code="2">blmarc</marc:subfield><marc:subfield code="a">709</marc:subfield><marc:subfield code="b">00</marc:subfield><marc:subfield code="a">WHITAKER</marc:subfield><marc:subfield code="h">George</marc:subfield><marc:subfield code="f">Master of the Grammar School at Southampton</marc:subfield><marc:subfield code="p">12934.aa.33.</marc:subfield><marc:subfield code="x">3493330235</marc:subfield></marc:datafield></marc:record>