
<marc:record><marc:leader>01696cam a22002173  4500</marc:leader>
<marc:controlfield tag="001">000015967</marc:controlfield>
<marc:controlfield tag="003">Uk</marc:controlfield><marc:controlfield tag="005">20130522192300.0</marc:controlfield><marc:controlfield tag="008">910508|1818||||enk    ||     ||| |||||  </marc:controlfield><marc:datafield tag="040" ind1=" " ind2=" "><marc:subfield code="a">Uk</marc:subfield><marc:subfield code="c">Uk</marc:subfield></marc:datafield><marc:datafield tag="100" ind1="1" ind2=" "><marc:subfield code="a">ADAMS, John,</marc:subfield><marc:subfield code="c">Sergeant at Law.</marc:subfield></marc:datafield><marc:datafield tag="245" ind1="1" ind2="2"><marc:subfield code="a">A Treatise on the Principles and Practice of the Action of Ejectment, and the resulting Action for Mesne profits. The second edition, with considerable additions.</marc:subfield></marc:datafield><marc:datafield tag="260" ind1=" " ind2=" "><marc:subfield code="a">London :</marc:subfield><marc:subfield code="b">J. Butterworth &amp; Son,</marc:subfield><marc:subfield code="c">1818.</marc:subfield></marc:datafield><marc:datafield tag="300" ind1=" " ind2=" "><marc:subfield code="a">xxxix, 407 p. ;</marc:subfield><marc:subfield code="c">8º.</marc:subfield></marc:datafield><marc:datafield tag="700" ind1="1" ind2=" "><marc:subfield code="a">WATERMAN, Thomas W.</marc:subfield></marc:datafield><marc:datafield tag="775" ind1="0" ind2=" "><marc:subfield code="t">[A Treatise on the Principles and Practice of the Action of Ejectment, and the resulting Action for Mesne profits. The second edition, with considerable additions.]</marc:subfield><marc:subfield code="d">pp. xxxii. 454. Saunders &amp; Benning: London, 1830. 8º.</marc:subfield><marc:subfield code="w">(Uk)MP1.0000018242.1</marc:subfield></marc:datafield><marc:datafield tag="775" ind1="0" ind2=" "><marc:subfield code="t">[A Treatise on the Principles and Practice of the Action of Ejectment, and the resulting Action for Mesne profits. The second edition, with considerable additions.]</marc:subfield><marc:subfield code="d">pp. xxxvii. 402. W. Benning &amp; Co.: London, 1846. 8º.</marc:subfield><marc:subfield code="w">(Uk)MP1.0000018242.2</marc:subfield></marc:datafield><marc:datafield tag="775" ind1="0" ind2=" "><marc:subfield code="t">[A Treatise on the Principles and Practice of the Action of Ejectment, and the resulting Action for Mesne profits. The second edition, with considerable additions.]</marc:subfield><marc:subfield code="d">pp. lxxi. 620. Gould, Hanks &amp; Co.: New York, 1846. 8º.</marc:subfield><marc:subfield code="w">(Uk)MP1.0000018242.3</marc:subfield></marc:datafield><marc:datafield tag="775" ind1="0" ind2=" "><marc:subfield code="t">[A Treatise on the Principles and Practice of the Action of Ejectment, and the resulting Action for Mesne profits. The second edition, with considerable additions.]</marc:subfield><marc:subfield code="d">pp. lxxiii. 744. Banks, Gould &amp; Co.: New York, Albany, 1854. 8º.</marc:subfield><marc:subfield code="w">(Uk)MP1.0000018242.4</marc:subfield></marc:datafield><marc:datafield tag="852" ind1="4" ind2="1"><marc:subfield code="a">British Library</marc:subfield><marc:subfield code="b">HMNTS</marc:subfield><marc:subfield code="j">514.g.8.</marc:subfield></marc:datafield><marc:datafield tag="886" ind1="2" ind2=" "><marc:subfield code="2">blmarc</marc:subfield><marc:subfield code="a">709</marc:subfield><marc:subfield code="b">00</marc:subfield><marc:subfield code="a">WATERMAN</marc:subfield><marc:subfield code="h">Thomas W.</marc:subfield><marc:subfield code="p">6625.cc.2.</marc:subfield><marc:subfield code="x">3460320168</marc:subfield></marc:datafield></marc:record>