
<marc:record><marc:leader>01350cam a22002413  4500</marc:leader>
<marc:controlfield tag="001">000015970</marc:controlfield>
<marc:controlfield tag="003">Uk</marc:controlfield><marc:controlfield tag="005">20120420175200.0</marc:controlfield><marc:controlfield tag="008">910508|1846|||||||    ||     ||| |||||  </marc:controlfield><marc:datafield tag="040" ind1=" " ind2=" "><marc:subfield code="a">Uk</marc:subfield><marc:subfield code="c">Uk</marc:subfield></marc:datafield><marc:datafield tag="100" ind1="1" ind2=" "><marc:subfield code="a">ADAMS, John,</marc:subfield><marc:subfield code="c">Sergeant at Law.</marc:subfield></marc:datafield><marc:datafield tag="245" ind1="1" ind2="3"><marc:subfield code="a">[A Treatise on the Principles and Practice of the Action of Ejectment, and the resulting Action for Mesne profits. The second edition, with considerable additions.]</marc:subfield></marc:datafield><marc:datafield tag="250" ind1=" " ind2=" "><marc:subfield code="a">[Another edition.] [With additions by Thomas L. Tillinghast, Thomas W. Clerke, and William Hogan.]</marc:subfield></marc:datafield><marc:datafield tag="260" ind1=" " ind2=" "><marc:subfield code="a">New York :</marc:subfield><marc:subfield code="b">Gould, Hanks &amp; Co.,</marc:subfield><marc:subfield code="c">1846.</marc:subfield></marc:datafield><marc:datafield tag="300" ind1=" " ind2=" "><marc:subfield code="a">lxxi, 620 p. ;</marc:subfield><marc:subfield code="c">8º.</marc:subfield></marc:datafield><marc:datafield tag="700" ind1="1" ind2=" "><marc:subfield code="a">Clerke, Thomas W.</marc:subfield></marc:datafield><marc:datafield tag="700" ind1="1" ind2=" "><marc:subfield code="a">HOGAN, William,</marc:subfield><marc:subfield code="c">Counsellor at Law.</marc:subfield></marc:datafield><marc:datafield tag="700" ind1="1" ind2=" "><marc:subfield code="a">TILLINGHAST, John L.</marc:subfield></marc:datafield><marc:datafield tag="787" ind1="0" ind2=" "><marc:subfield code="t">A Treatise on the Principles and Practice of the Action of Ejectment, and the resulting Action for Mesne profits. The second edition, with considerable additions.</marc:subfield><marc:subfield code="d">pp. xxxix. 407. J. Butterworth &amp; Son: London, 1818. 8º.</marc:subfield><marc:subfield code="w">(Uk)MP1.0000018242</marc:subfield></marc:datafield><marc:datafield tag="852" ind1="4" ind2="1"><marc:subfield code="a">British Library</marc:subfield><marc:subfield code="b">HMNTS</marc:subfield><marc:subfield code="j">1379.k.10.</marc:subfield></marc:datafield><marc:datafield tag="886" ind1="2" ind2=" "><marc:subfield code="2">blmarc</marc:subfield><marc:subfield code="a">709</marc:subfield><marc:subfield code="b">00</marc:subfield><marc:subfield code="a">CLERKE</marc:subfield><marc:subfield code="h">Thomas W.</marc:subfield><marc:subfield code="p">1379.k.10.</marc:subfield><marc:subfield code="x">064220022X</marc:subfield><marc:subfield code="p">6625.cc.2.</marc:subfield><marc:subfield code="x">064220022X</marc:subfield></marc:datafield><marc:datafield tag="886" ind1="2" ind2=" "><marc:subfield code="2">blmarc</marc:subfield><marc:subfield code="a">709</marc:subfield><marc:subfield code="b">00</marc:subfield><marc:subfield code="a">HOGAN</marc:subfield><marc:subfield code="h">William</marc:subfield><marc:subfield code="f">Counsellor at Law</marc:subfield><marc:subfield code="p">1379.k.10.</marc:subfield><marc:subfield code="x">1502300036</marc:subfield><marc:subfield code="p">6625.cc.2.</marc:subfield><marc:subfield code="x">1502300036</marc:subfield></marc:datafield><marc:datafield tag="886" ind1="2" ind2=" "><marc:subfield code="2">blmarc</marc:subfield><marc:subfield code="a">709</marc:subfield><marc:subfield code="b">00</marc:subfield><marc:subfield code="a">TILLINGHAST</marc:subfield><marc:subfield code="h">John L.</marc:subfield><marc:subfield code="p">1379.k.10.</marc:subfield><marc:subfield code="x">3261940182</marc:subfield><marc:subfield code="p">6625.cc.2.</marc:subfield><marc:subfield code="x">3261940182</marc:subfield></marc:datafield></marc:record>