
<marc:record><marc:leader>01005 am a22001813  4500</marc:leader>
<marc:controlfield tag="001">000015971</marc:controlfield>
<marc:controlfield tag="003">Uk</marc:controlfield><marc:controlfield tag="005">20091125221700.0</marc:controlfield><marc:controlfield tag="008">910508|1854|||||||    ||     ||| |||||  </marc:controlfield><marc:datafield tag="040" ind1=" " ind2=" "><marc:subfield code="a">Uk</marc:subfield><marc:subfield code="c">Uk</marc:subfield></marc:datafield><marc:datafield tag="100" ind1="1" ind2=" "><marc:subfield code="a">ADAMS, John,</marc:subfield><marc:subfield code="c">Sergeant at Law.</marc:subfield></marc:datafield><marc:datafield tag="245" ind1="1" ind2="3"><marc:subfield code="a">[A Treatise on the Principles and Practice of the Action of Ejectment, and the resulting Action for Mesne profits. The second edition, with considerable additions.]</marc:subfield></marc:datafield><marc:datafield tag="250" ind1=" " ind2=" "><marc:subfield code="a">[Another edition.] With additional notes of decisions ... by Thomas W. Waterman ... Fourth edition.</marc:subfield></marc:datafield><marc:datafield tag="260" ind1=" " ind2=" "><marc:subfield code="a">pp. lxxiii. 744. Banks, Gould &amp; Co.: New York, Albany, 1854.</marc:subfield></marc:datafield><marc:datafield tag="300" ind1=" " ind2=" "><marc:subfield code="a">8º.</marc:subfield></marc:datafield><marc:datafield tag="787" ind1="0" ind2=" "><marc:subfield code="t">A Treatise on the Principles and Practice of the Action of Ejectment, and the resulting Action for Mesne profits. The second edition, with considerable additions.</marc:subfield><marc:subfield code="d">pp. xxxix. 407. J. Butterworth &amp; Son: London, 1818. 8º.</marc:subfield><marc:subfield code="w">(Uk)MP1.0000018242</marc:subfield></marc:datafield><marc:datafield tag="852" ind1="4" ind2="1"><marc:subfield code="a">British Library</marc:subfield><marc:subfield code="b">HMNTS</marc:subfield><marc:subfield code="j">Mic.A.10797(2)</marc:subfield></marc:datafield><marc:datafield tag="852" ind1="4" ind2="1"><marc:subfield code="a">British Library</marc:subfield><marc:subfield code="b">HMNTS</marc:subfield><marc:subfield code="j">D-6625.cc.2.</marc:subfield><marc:subfield code="3">Superseded by Mic.A.10797(2)</marc:subfield></marc:datafield></marc:record>