
<marc:record><marc:leader>00578cam a22001453  4500</marc:leader>
<marc:controlfield tag="001">000015974</marc:controlfield>
<marc:controlfield tag="003">Uk</marc:controlfield><marc:controlfield tag="005">20110421155500.0</marc:controlfield><marc:controlfield tag="008">870814|1814|||||||    ||     ||| |||||  </marc:controlfield><marc:datafield tag="040" ind1=" " ind2=" "><marc:subfield code="a">Uk</marc:subfield><marc:subfield code="c">Uk</marc:subfield></marc:datafield><marc:datafield tag="100" ind1="1" ind2=" "><marc:subfield code="a">ADAMS, John,</marc:subfield><marc:subfield code="c">Teacher of the Mathematics at Edmonton.</marc:subfield></marc:datafield><marc:datafield tag="245" ind1="1" ind2="0"><marc:subfield code="a">Extracts from a Meteorological Journal kept at Edmonton, Middlesex ... together with a collection of such observations ... as have been considered the surest guides whereby to foretel the weather.</marc:subfield></marc:datafield><marc:datafield tag="260" ind1=" " ind2=" "><marc:subfield code="a">London :</marc:subfield><marc:subfield code="b">The Author,</marc:subfield><marc:subfield code="c">1814.</marc:subfield></marc:datafield><marc:datafield tag="300" ind1=" " ind2=" "><marc:subfield code="a">102 p. ;</marc:subfield><marc:subfield code="c">12º.</marc:subfield></marc:datafield><marc:datafield tag="852" ind1="4" ind2="1"><marc:subfield code="a">British Library</marc:subfield><marc:subfield code="b">HMNTS</marc:subfield><marc:subfield code="j">716.b.40.</marc:subfield></marc:datafield></marc:record>