
<marc:record><marc:leader>00469 am a22001453  4500</marc:leader>
<marc:controlfield tag="001">000015976</marc:controlfield>
<marc:controlfield tag="003">Uk</marc:controlfield><marc:controlfield tag="005">20091125221700.0</marc:controlfield><marc:controlfield tag="008">870814|1874|||||||    ||     ||| |||||  </marc:controlfield><marc:datafield tag="040" ind1=" " ind2=" "><marc:subfield code="a">Uk</marc:subfield><marc:subfield code="c">Uk</marc:subfield></marc:datafield><marc:datafield tag="100" ind1="1" ind2=" "><marc:subfield code="a">ADAMS, John,</marc:subfield><marc:subfield code="c">Vicar of Stockcross, Berks.</marc:subfield></marc:datafield><marc:datafield tag="245" ind1="1" ind2="0"><marc:subfield code="a">Social Clubs for Working Men ... A paper, etc.</marc:subfield></marc:datafield><marc:datafield tag="260" ind1=" " ind2=" "><marc:subfield code="a">London :</marc:subfield><marc:subfield code="b">W. Macintosh ;</marc:subfield><marc:subfield code="a">Newbury :</marc:subfield><marc:subfield code="b">Blacket &amp; Son &amp; E. E. Godding,</marc:subfield><marc:subfield code="c">[1874],</marc:subfield></marc:datafield><marc:datafield tag="300" ind1=" " ind2=" "><marc:subfield code="a">13 p. ;</marc:subfield><marc:subfield code="c">8º.</marc:subfield></marc:datafield><marc:datafield tag="852" ind1="4" ind2="1"><marc:subfield code="a">British Library</marc:subfield><marc:subfield code="b">HMNTS</marc:subfield><marc:subfield code="j">8282.aaa.1.(14.)</marc:subfield></marc:datafield></marc:record>