
<marc:record><marc:leader>00426cam a22001453  4500</marc:leader>
<marc:controlfield tag="001">000015979</marc:controlfield>
<marc:controlfield tag="003">Uk</marc:controlfield><marc:controlfield tag="005">20130523175500.0</marc:controlfield><marc:controlfield tag="008">870814|1899||||stk    ||     ||| |||||  </marc:controlfield><marc:datafield tag="040" ind1=" " ind2=" "><marc:subfield code="a">Uk</marc:subfield><marc:subfield code="c">Uk</marc:subfield></marc:datafield><marc:datafield tag="100" ind1="1" ind2=" "><marc:subfield code="a">Adams, John,</marc:subfield><marc:subfield code="d">1857-1934.</marc:subfield></marc:datafield><marc:datafield tag="245" ind1="1" ind2="0"><marc:subfield code="a">Blackwood's Literature Readers. Edited by J. Adams.</marc:subfield></marc:datafield><marc:datafield tag="260" ind1=" " ind2=" "><marc:subfield code="a">Edinburgh ;</marc:subfield><marc:subfield code="a">London :</marc:subfield><marc:subfield code="b">W. Blackwood &amp; Sons,</marc:subfield><marc:subfield code="c">1899.</marc:subfield></marc:datafield><marc:datafield tag="300" ind1=" " ind2=" "><marc:subfield code="a">4 bk. ;</marc:subfield><marc:subfield code="c">8º.</marc:subfield></marc:datafield><marc:datafield tag="852" ind1="4" ind2="1"><marc:subfield code="a">British Library</marc:subfield><marc:subfield code="b">HMNTS</marc:subfield><marc:subfield code="j">012201.f.1.</marc:subfield></marc:datafield></marc:record>