
<marc:record><marc:leader>00730cam a22001933  4500</marc:leader>
<marc:controlfield tag="001">000016015</marc:controlfield>
<marc:controlfield tag="003">Uk</marc:controlfield><marc:controlfield tag="005">20130214135500.0</marc:controlfield><marc:controlfield tag="008">870814|1896|||||||    ||     ||| ||eng  </marc:controlfield><marc:datafield tag="040" ind1=" " ind2=" "><marc:subfield code="a">Uk</marc:subfield><marc:subfield code="c">Uk</marc:subfield></marc:datafield><marc:datafield tag="100" ind1="1" ind2=" "><marc:subfield code="a">Adams, John Couch,</marc:subfield><marc:subfield code="d">1819-1892.</marc:subfield></marc:datafield><marc:datafield tag="245" ind1="1" ind2="4"><marc:subfield code="a">The Scientific Papers of John Couch Adams ... Edited by W. G. Adams ... With a memoir by J. W. L. Glaisher.</marc:subfield></marc:datafield><marc:datafield tag="260" ind1=" " ind2=" "><marc:subfield code="a">Cambridge :</marc:subfield><marc:subfield code="b">University Press,</marc:subfield><marc:subfield code="c">1896, 1900.</marc:subfield></marc:datafield><marc:datafield tag="300" ind1=" " ind2=" "><marc:subfield code="a">2 vol. ;</marc:subfield><marc:subfield code="c">4º.</marc:subfield></marc:datafield><marc:datafield tag="700" ind1="1" ind2=" "><marc:subfield code="a">ADAMS, William Grylls.</marc:subfield></marc:datafield><marc:datafield tag="700" ind1="1" ind2=" "><marc:subfield code="a">GLAISHER, James Whitbread Lee.</marc:subfield></marc:datafield><marc:datafield tag="852" ind1="4" ind2="1"><marc:subfield code="a">British Library</marc:subfield><marc:subfield code="b">HMNTS</marc:subfield><marc:subfield code="j">8565.g.4.</marc:subfield></marc:datafield><marc:datafield tag="886" ind1="2" ind2=" "><marc:subfield code="2">blmarc</marc:subfield><marc:subfield code="a">709</marc:subfield><marc:subfield code="b">00</marc:subfield><marc:subfield code="a">ADAMS</marc:subfield><marc:subfield code="h">William Grylls</marc:subfield><marc:subfield code="p">8565.g.4.</marc:subfield><marc:subfield code="x">002249006X</marc:subfield></marc:datafield><marc:datafield tag="886" ind1="2" ind2=" "><marc:subfield code="2">blmarc</marc:subfield><marc:subfield code="a">709</marc:subfield><marc:subfield code="b">00</marc:subfield><marc:subfield code="a">GLAISHER</marc:subfield><marc:subfield code="h">James Whitbread Lee</marc:subfield><marc:subfield code="p">8565.g.4.</marc:subfield><marc:subfield code="x">1260570177</marc:subfield></marc:datafield></marc:record>