
<marc:record><marc:leader>01067cam a22001813  4500</marc:leader>
<marc:controlfield tag="001">000016070</marc:controlfield>
<marc:controlfield tag="003">Uk</marc:controlfield><marc:controlfield tag="005">20111222151700.0</marc:controlfield><marc:controlfield tag="008">870814|1809|||||||    ||     ||| |||||  </marc:controlfield><marc:datafield tag="040" ind1=" " ind2=" "><marc:subfield code="a">Uk</marc:subfield><marc:subfield code="c">Uk</marc:subfield></marc:datafield><marc:datafield tag="100" ind1="1" ind2=" "><marc:subfield code="a">Adams, John Quincy,</marc:subfield><marc:subfield code="d">1767-1848.</marc:subfield></marc:datafield><marc:datafield tag="240" ind1="1" ind2="0"><marc:subfield code="a">American Principles. A review of Works of Fisher Ames, compiled by a number of his friends. [By J. Q. Adams.] First published in the Boston Patriot.</marc:subfield></marc:datafield><marc:datafield tag="245" ind1="1" ind2="0"><marc:subfield code="a">Remarks on the Hon. J. Q. Adams's Review of Mr. Ames's works, with some strictures on the views of the author. [By John Lowell, LL.D., the Younger.]</marc:subfield></marc:datafield><marc:datafield tag="260" ind1=" " ind2=" "><marc:subfield code="a">Boston :</marc:subfield><marc:subfield code="b">T. B. Wait &amp; Co.,</marc:subfield><marc:subfield code="c">1809.</marc:subfield></marc:datafield><marc:datafield tag="300" ind1=" " ind2=" "><marc:subfield code="a">50 p. ;</marc:subfield><marc:subfield code="c">8º.</marc:subfield></marc:datafield><marc:datafield tag="700" ind1="1" ind2=" "><marc:subfield code="a">AMES, Fisher,</marc:subfield><marc:subfield code="c">LL.D..</marc:subfield><marc:subfield code="t">Works of Fisher Ames. Compiled by a number of his friends. To which are prefixed, Notices of his life and character. [With a portrait.]</marc:subfield></marc:datafield><marc:datafield tag="852" ind1="4" ind2="1"><marc:subfield code="a">British Library</marc:subfield><marc:subfield code="b">HMNTS</marc:subfield><marc:subfield code="j">1389.g.27.</marc:subfield></marc:datafield><marc:datafield tag="886" ind1="2" ind2=" "><marc:subfield code="2">blmarc</marc:subfield><marc:subfield code="a">709</marc:subfield><marc:subfield code="b">00</marc:subfield><marc:subfield code="a">AMES</marc:subfield><marc:subfield code="h">Fisher</marc:subfield><marc:subfield code="f">LL.D.</marc:subfield><marc:subfield code="t">Works of Fisher Ames. Compiled by a number of his friends. To which are prefixed, Notices of his life and character. [With a portrait.]</marc:subfield><marc:subfield code="p">1389.g.27.</marc:subfield><marc:subfield code="x">0071290303</marc:subfield></marc:datafield></marc:record>