
<marc:record><marc:leader>01634cam a22002173  4500</marc:leader>
<marc:controlfield tag="001">000016075</marc:controlfield>
<marc:controlfield tag="003">Uk</marc:controlfield><marc:controlfield tag="005">20111222151700.0</marc:controlfield><marc:controlfield tag="008">870814|1829|||||||    ||     ||| |||||  </marc:controlfield><marc:datafield tag="040" ind1=" " ind2=" "><marc:subfield code="a">Uk</marc:subfield><marc:subfield code="c">Uk</marc:subfield></marc:datafield><marc:datafield tag="100" ind1="1" ind2=" "><marc:subfield code="a">Adams, John Quincy,</marc:subfield><marc:subfield code="d">1767-1848.</marc:subfield></marc:datafield><marc:datafield tag="245" ind1="1" ind2="0"><marc:subfield code="a">Correspondence between John Quincy Adams ... and several citizens of Massachusetts [H. G. Otis and others], concerning the charge of a design to dissolve the Union alleged to have existed in that State.</marc:subfield></marc:datafield><marc:datafield tag="260" ind1=" " ind2=" "><marc:subfield code="a">Boston :</marc:subfield><marc:subfield code="b">Boston Daily Advertiser,</marc:subfield><marc:subfield code="c">1829.</marc:subfield></marc:datafield><marc:datafield tag="300" ind1=" " ind2=" "><marc:subfield code="a">80 p. ;</marc:subfield><marc:subfield code="c">8º.</marc:subfield></marc:datafield><marc:datafield tag="700" ind1="1" ind2=" "><marc:subfield code="a">OTIS, Harrison Gray.</marc:subfield></marc:datafield><marc:datafield tag="775" ind1="0" ind2=" "><marc:subfield code="t">[Correspondence between John Quincy Adams ... and several citizens of Massachusetts [H. G. Otis and others], concerning the charge of a design to dissolve the Union alleged to have existed in that State.]</marc:subfield><marc:subfield code="d">pp. 48. Boston Daily Advertiser: Boston, 1829. 8º.</marc:subfield><marc:subfield code="w">(Uk)MP1.0000018344.2</marc:subfield></marc:datafield><marc:datafield tag="775" ind1="0" ind2=" "><marc:subfield code="t">[Correspondence between John Quincy Adams ... and several citizens of Massachusetts [H. G. Otis and others], concerning the charge of a design to dissolve the Union alleged to have existed in that State.]</marc:subfield><marc:subfield code="d">pp. 56. Jonathan Elliot: Washington, 1829. 8º.</marc:subfield><marc:subfield code="w">(Uk)MP1.0000018344.3</marc:subfield></marc:datafield><marc:datafield tag="775" ind1="0" ind2=" "><marc:subfield code="t">[Correspondence between John Quincy Adams ... and several citizens of Massachusetts [H. G. Otis and others], concerning the charge of a design to dissolve the Union alleged to have existed in that State.]</marc:subfield><marc:subfield code="d">pp. 69. Jonathan Elliot: Washington, 1829. 8º.</marc:subfield><marc:subfield code="w">(Uk)MP1.0000018344.4</marc:subfield></marc:datafield><marc:datafield tag="852" ind1="4" ind2="1"><marc:subfield code="a">British Library</marc:subfield><marc:subfield code="b">HMNTS</marc:subfield><marc:subfield code="j">8175.e.8.</marc:subfield></marc:datafield><marc:datafield tag="852" ind1="4" ind2="1"><marc:subfield code="a">British Library</marc:subfield><marc:subfield code="b">HMNTS</marc:subfield><marc:subfield code="j">8177.c.54.</marc:subfield><marc:subfield code="3">[Another copy.]</marc:subfield></marc:datafield><marc:datafield tag="886" ind1="2" ind2=" "><marc:subfield code="2">blmarc</marc:subfield><marc:subfield code="a">709</marc:subfield><marc:subfield code="b">00</marc:subfield><marc:subfield code="a">OTIS</marc:subfield><marc:subfield code="h">Harrison Gray</marc:subfield><marc:subfield code="p">8175.e.8.</marc:subfield><marc:subfield code="x">2434000347</marc:subfield></marc:datafield></marc:record>