
<marc:record><marc:leader>00900 am a22001693  4500</marc:leader>
<marc:controlfield tag="001">000016077</marc:controlfield>
<marc:controlfield tag="003">Uk</marc:controlfield><marc:controlfield tag="005">20091125221700.0</marc:controlfield><marc:controlfield tag="008">870814|1829|||||||    ||     ||| |||||  </marc:controlfield><marc:datafield tag="040" ind1=" " ind2=" "><marc:subfield code="a">Uk</marc:subfield><marc:subfield code="c">Uk</marc:subfield></marc:datafield><marc:datafield tag="100" ind1="1" ind2=" "><marc:subfield code="a">Adams, John Quincy,</marc:subfield><marc:subfield code="d">1767-1848.</marc:subfield></marc:datafield><marc:datafield tag="245" ind1="1" ind2="0"><marc:subfield code="a">[Correspondence between John Quincy Adams ... and several citizens of Massachusetts [H. G. Otis and others], concerning the charge of a design to dissolve the Union alleged to have existed in that State.]</marc:subfield></marc:datafield><marc:datafield tag="250" ind1=" " ind2=" "><marc:subfield code="a">[Another edition.]</marc:subfield></marc:datafield><marc:datafield tag="260" ind1=" " ind2=" "><marc:subfield code="a">Washington :</marc:subfield><marc:subfield code="b">Jonathan Elliot,</marc:subfield><marc:subfield code="c">1829.</marc:subfield></marc:datafield><marc:datafield tag="300" ind1=" " ind2=" "><marc:subfield code="a">56 p. ;</marc:subfield><marc:subfield code="c">8º.</marc:subfield></marc:datafield><marc:datafield tag="787" ind1="0" ind2=" "><marc:subfield code="t">Correspondence between John Quincy Adams ... and several citizens of Massachusetts [H. G. Otis and others], concerning the charge of a design to dissolve the Union alleged to have existed in that State.</marc:subfield><marc:subfield code="d">pp. 80. Boston Daily Advertiser: Boston, 1829. 8º.</marc:subfield><marc:subfield code="w">(Uk)MP1.0000018344</marc:subfield></marc:datafield><marc:datafield tag="852" ind1="4" ind2="1"><marc:subfield code="a">British Library</marc:subfield><marc:subfield code="b">HMNTS</marc:subfield><marc:subfield code="j">9602.bb.37.</marc:subfield></marc:datafield></marc:record>