
<marc:record><marc:leader>00869cam a22001693  4500</marc:leader>
<marc:controlfield tag="001">000016079</marc:controlfield>
<marc:controlfield tag="003">Uk</marc:controlfield><marc:controlfield tag="005">20111222151700.0</marc:controlfield><marc:controlfield tag="008">870814|1832|||||||    ||     ||| |||||  </marc:controlfield><marc:datafield tag="040" ind1=" " ind2=" "><marc:subfield code="a">Uk</marc:subfield><marc:subfield code="c">Uk</marc:subfield></marc:datafield><marc:datafield tag="100" ind1="1" ind2=" "><marc:subfield code="a">Adams, John Quincy,</marc:subfield><marc:subfield code="d">1767-1848.</marc:subfield></marc:datafield><marc:datafield tag="245" ind1="1" ind2="0"><marc:subfield code="a">Dermot MacMorrogh, or, the Conquest of Ireland; an historical tale of the twelfth century. In four cantos.</marc:subfield></marc:datafield><marc:datafield tag="260" ind1=" " ind2=" "><marc:subfield code="a">Boston :</marc:subfield><marc:subfield code="b">Carter, Hendee &amp; Co.,</marc:subfield><marc:subfield code="c">1832.</marc:subfield></marc:datafield><marc:datafield tag="300" ind1=" " ind2=" "><marc:subfield code="a">108 p. ;</marc:subfield><marc:subfield code="c">8º.</marc:subfield></marc:datafield><marc:datafield tag="775" ind1="0" ind2=" "><marc:subfield code="t">[Dermot MacMorrogh, or, the Conquest of Ireland; an historical tale of the twelfth century. In four cantos.]</marc:subfield><marc:subfield code="d">pp. 108. Carter, Hendee &amp; Co.: Boston, 1832. 8º.</marc:subfield><marc:subfield code="w">(Uk)MP1.0000018345.1</marc:subfield></marc:datafield><marc:datafield tag="775" ind1="0" ind2=" "><marc:subfield code="t">[Dermot MacMorrogh, or, the Conquest of Ireland; an historical tale of the twelfth century. In four cantos.]</marc:subfield><marc:subfield code="d">pp. 108. I. N. Whiting: Columbus, 1834. 12º.</marc:subfield><marc:subfield code="w">(Uk)MP1.0000018345.2</marc:subfield></marc:datafield><marc:datafield tag="852" ind1="4" ind2="1"><marc:subfield code="a">British Library</marc:subfield><marc:subfield code="b">HMNTS</marc:subfield><marc:subfield code="j">11686.f.14.</marc:subfield></marc:datafield></marc:record>