
<marc:record><marc:leader>02401cam a22002533  4500</marc:leader>
<marc:controlfield tag="001">000016090</marc:controlfield>
<marc:controlfield tag="003">Uk</marc:controlfield><marc:controlfield tag="005">20111222151700.0</marc:controlfield><marc:controlfield tag="008">870814|1808|||||||    ||     ||| |||||  </marc:controlfield><marc:datafield tag="040" ind1=" " ind2=" "><marc:subfield code="a">Uk</marc:subfield><marc:subfield code="c">Uk</marc:subfield></marc:datafield><marc:datafield tag="100" ind1="1" ind2=" "><marc:subfield code="a">Adams, John Quincy,</marc:subfield><marc:subfield code="d">1767-1848.</marc:subfield></marc:datafield><marc:datafield tag="245" ind1="1" ind2="0"><marc:subfield code="a">Letter to the Hon. Harrison Gray Otis ... on the present state of our national affairs; with remarks upon Mr. Pickerings Letter to the Governor of the Commonwealth.</marc:subfield></marc:datafield><marc:datafield tag="260" ind1=" " ind2=" "><marc:subfield code="a">Boston :</marc:subfield><marc:subfield code="b">Oliver &amp; Munroe,</marc:subfield><marc:subfield code="c">1808.</marc:subfield></marc:datafield><marc:datafield tag="300" ind1=" " ind2=" "><marc:subfield code="a">32 p. ;</marc:subfield><marc:subfield code="c">8º.</marc:subfield></marc:datafield><marc:datafield tag="700" ind1="1" ind2=" "><marc:subfield code="a">PICKERING, Timothy.</marc:subfield></marc:datafield><marc:datafield tag="775" ind1="0" ind2=" "><marc:subfield code="t">[Letter to the Hon. Harrison Gray Otis ... on the present state of our national affairs; with remarks upon Mr. Pickerings Letter to the Governor of the Commonwealth.]</marc:subfield><marc:subfield code="d">pp. 32. Oliver &amp; Munroe: Boston, 1808. 8º.</marc:subfield><marc:subfield code="w">(Uk)MP1.0000018354.1</marc:subfield></marc:datafield><marc:datafield tag="775" ind1="0" ind2=" "><marc:subfield code="t">[Letter to the Hon. Harrison Gray Otis ... on the present state of our national affairs; with remarks upon Mr. Pickerings Letter to the Governor of the Commonwealth.]</marc:subfield><marc:subfield code="d">pp. 32. John Barber: Albany [N.Y.], 1808. 8º.</marc:subfield><marc:subfield code="w">(Uk)MP1.0000018354.2</marc:subfield></marc:datafield><marc:datafield tag="775" ind1="0" ind2=" "><marc:subfield code="t">[Letter to the Hon. Harrison Gray Otis ... on the present state of our national affairs; with remarks upon Mr. Pickerings Letter to the Governor of the Commonwealth.]</marc:subfield><marc:subfield code="d">pp. 32. J. Johnson: London, 1808. 8º.</marc:subfield><marc:subfield code="w">(Uk)MP1.0000018354.4</marc:subfield></marc:datafield><marc:datafield tag="775" ind1="0" ind2=" "><marc:subfield code="t">[Letter to the Hon. Harrison Gray Otis ... on the present state of our national affairs; with remarks upon Mr. Pickerings Letter to the Governor of the Commonwealth.]</marc:subfield><marc:subfield code="d">pp. 32. Sidney's Press: New-Haven, 1808. 8º.</marc:subfield><marc:subfield code="w">(Uk)MP1.0000018354.5</marc:subfield></marc:datafield><marc:datafield tag="775" ind1="0" ind2=" "><marc:subfield code="t">[Letter to the Hon. Harrison Gray Otis ... on the present state of our national affairs; with remarks upon Mr. Pickerings Letter to the Governor of the Commonwealth.]</marc:subfield><marc:subfield code="d">pp. 36. Alden Spooner: Sag-Harbor, 1808. 8º.</marc:subfield><marc:subfield code="w">(Uk)MP1.0000018354.6</marc:subfield></marc:datafield><marc:datafield tag="775" ind1="0" ind2=" "><marc:subfield code="t">[Letter to the Hon. Harrison Gray Otis ... on the present state of our national affairs; with remarks upon Mr. Pickerings Letter to the Governor of the Commonwealth.]</marc:subfield><marc:subfield code="d">pp. 32. Pool &amp; Palfray: Salem, 1808. 8º.</marc:subfield><marc:subfield code="w">(Uk)MP1.0000018354.7</marc:subfield></marc:datafield><marc:datafield tag="775" ind1="0" ind2=" "><marc:subfield code="t">[Letter to the Hon. Harrison Gray Otis ... on the present state of our national affairs; with remarks upon Mr. Pickerings Letter to the Governor of the Commonwealth.]</marc:subfield><marc:subfield code="d">pp. 24. G. W. Nichols: Walpole, N.H., 1808. 8º.</marc:subfield><marc:subfield code="w">(Uk)MP1.0000018354.8</marc:subfield></marc:datafield><marc:datafield tag="852" ind1="4" ind2="1"><marc:subfield code="a">British Library</marc:subfield><marc:subfield code="b">HMNTS</marc:subfield><marc:subfield code="j">1250.i.6.(4.)</marc:subfield></marc:datafield><marc:datafield tag="886" ind1="2" ind2=" "><marc:subfield code="2">blmarc</marc:subfield><marc:subfield code="a">709</marc:subfield><marc:subfield code="b">00</marc:subfield><marc:subfield code="a">PICKERING</marc:subfield><marc:subfield code="h">Timothy</marc:subfield><marc:subfield code="p">1250.i.6.(4.)</marc:subfield><marc:subfield code="x">2582540110</marc:subfield></marc:datafield></marc:record>