
<marc:record><marc:leader>01037 am a22001813  4500</marc:leader>
<marc:controlfield tag="001">000016092</marc:controlfield>
<marc:controlfield tag="003">Uk</marc:controlfield><marc:controlfield tag="005">20091125221700.0</marc:controlfield><marc:controlfield tag="008">870814|1808|||||||    ||     ||| |||||  </marc:controlfield><marc:datafield tag="040" ind1=" " ind2=" "><marc:subfield code="a">Uk</marc:subfield><marc:subfield code="c">Uk</marc:subfield></marc:datafield><marc:datafield tag="100" ind1="1" ind2=" "><marc:subfield code="a">Adams, John Quincy,</marc:subfield><marc:subfield code="d">1767-1848.</marc:subfield></marc:datafield><marc:datafield tag="245" ind1="1" ind2="0"><marc:subfield code="a">[Letter to the Hon. Harrison Gray Otis ... on the present state of our national affairs; with remarks upon Mr. Pickerings Letter to the Governor of the Commonwealth.]</marc:subfield></marc:datafield><marc:datafield tag="250" ind1=" " ind2=" "><marc:subfield code="a">[Another edition.] A Letter to ... H. G. Otis ... on the present state of our National affairs. With remarks upon Mr. Pickering's letter to the Governor of the Commonwealth.</marc:subfield></marc:datafield><marc:datafield tag="260" ind1=" " ind2=" "><marc:subfield code="a">pp. 32. John Barber: Albany [N.Y.], 1808.</marc:subfield></marc:datafield><marc:datafield tag="300" ind1=" " ind2=" "><marc:subfield code="a">8º.</marc:subfield></marc:datafield><marc:datafield tag="787" ind1="0" ind2=" "><marc:subfield code="t">Letter to the Hon. Harrison Gray Otis ... on the present state of our national affairs; with remarks upon Mr. Pickerings Letter to the Governor of the Commonwealth.</marc:subfield><marc:subfield code="d">pp. 32. Oliver &amp; Munroe: Boston, 1808. 8º.</marc:subfield><marc:subfield code="w">(Uk)MP1.0000018354</marc:subfield></marc:datafield><marc:datafield tag="852" ind1="4" ind2="1"><marc:subfield code="a">British Library</marc:subfield><marc:subfield code="b">HMNTS</marc:subfield><marc:subfield code="j">8177.cc.1.</marc:subfield></marc:datafield><marc:datafield tag="852" ind1="4" ind2="1"><marc:subfield code="a">British Library</marc:subfield><marc:subfield code="b">HMNTS</marc:subfield><marc:subfield code="j">A.S.14/30.(8.)</marc:subfield><marc:subfield code="3">[Another copy.]</marc:subfield></marc:datafield></marc:record>