
<marc:record><marc:leader>00562 am a22001453  4500</marc:leader>
<marc:controlfield tag="001">000016099</marc:controlfield>
<marc:controlfield tag="003">Uk</marc:controlfield><marc:controlfield tag="005">20091125221700.0</marc:controlfield><marc:controlfield tag="008">870814|1848|||||||    ||     ||| |||||  </marc:controlfield><marc:datafield tag="040" ind1=" " ind2=" "><marc:subfield code="a">Uk</marc:subfield><marc:subfield code="c">Uk</marc:subfield></marc:datafield><marc:datafield tag="100" ind1="1" ind2=" "><marc:subfield code="a">Adams, John Quincy,</marc:subfield><marc:subfield code="d">1767-1848.</marc:subfield></marc:datafield><marc:datafield tag="245" ind1="1" ind2="0"><marc:subfield code="a">Letters by John Quincy Adams, on the Study of the Bible.</marc:subfield></marc:datafield><marc:datafield tag="580" ind1=" " ind2=" "><marc:subfield code="a">In : Adams (Abigail) Mrs. Letters of Mrs. Adams, etc. 1848. 8º.</marc:subfield></marc:datafield><marc:datafield tag="775" ind1="0" ind2=" "><marc:subfield code="t">[Letters by John Quincy Adams, on the Study of the Bible.]</marc:subfield><marc:subfield code="d">pp. 128. J. M. Alden: Auburn, 1850. 32º.</marc:subfield><marc:subfield code="w">(Uk)MP1.0000018356.1</marc:subfield></marc:datafield><marc:datafield tag="852" ind1="4" ind2="1"><marc:subfield code="a">British Library</marc:subfield><marc:subfield code="b">HMNTS</marc:subfield><marc:subfield code="j">10921.b.37.</marc:subfield></marc:datafield></marc:record>