
<marc:record><marc:leader>00948cam a22001693  4500</marc:leader>
<marc:controlfield tag="001">000016101</marc:controlfield>
<marc:controlfield tag="003">Uk</marc:controlfield><marc:controlfield tag="005">20111222151700.0</marc:controlfield><marc:controlfield tag="008">870814|1837|||||||    ||     ||| |||||  </marc:controlfield><marc:datafield tag="040" ind1=" " ind2=" "><marc:subfield code="a">Uk</marc:subfield><marc:subfield code="c">Uk</marc:subfield></marc:datafield><marc:datafield tag="100" ind1="1" ind2=" "><marc:subfield code="a">Adams, John Quincy,</marc:subfield><marc:subfield code="d">1767-1848.</marc:subfield></marc:datafield><marc:datafield tag="245" ind1="1" ind2="0"><marc:subfield code="a">Letters from John Quincy Adams to his constituents of the twelfth Congressional district in Massachusetts [relative to the proceedings of the House of Representatives on the presentation by him of certain antislavery petitions]. To which is added his speech in Congress, delivered February 9, 1837. [With a preface and two poems by J. G. Whittier.]</marc:subfield></marc:datafield><marc:datafield tag="260" ind1=" " ind2=" "><marc:subfield code="a">Boston :</marc:subfield><marc:subfield code="b">Isaac Knapp,</marc:subfield><marc:subfield code="c">1837.</marc:subfield></marc:datafield><marc:datafield tag="300" ind1=" " ind2=" "><marc:subfield code="a">72 p. ;</marc:subfield><marc:subfield code="c">12º.</marc:subfield></marc:datafield><marc:datafield tag="700" ind1="1" ind2=" "><marc:subfield code="a">WHITTIER, John Greenleaf.</marc:subfield><marc:subfield code="t">Works edited or with prefaces by John Greenleaf Whittier.</marc:subfield></marc:datafield><marc:datafield tag="852" ind1="4" ind2="1"><marc:subfield code="a">British Library</marc:subfield><marc:subfield code="b">HMNTS</marc:subfield><marc:subfield code="j">8177.a.6.</marc:subfield></marc:datafield><marc:datafield tag="886" ind1="2" ind2=" "><marc:subfield code="2">blmarc</marc:subfield><marc:subfield code="a">709</marc:subfield><marc:subfield code="b">00</marc:subfield><marc:subfield code="a">WHITTIER</marc:subfield><marc:subfield code="h">John Greenleaf</marc:subfield><marc:subfield code="t">Works edited or with prefaces by John Greenleaf Whittier</marc:subfield><marc:subfield code="p">8177.a.6.</marc:subfield><marc:subfield code="x">350190021X</marc:subfield></marc:datafield></marc:record>