
<marc:record><marc:leader>00633cam a22001693  4500</marc:leader>
<marc:controlfield tag="001">000016102</marc:controlfield>
<marc:controlfield tag="003">Uk</marc:controlfield><marc:controlfield tag="005">20111222151700.0</marc:controlfield><marc:controlfield tag="008">870814|1833|||||||    ||     ||| |||||  </marc:controlfield><marc:datafield tag="040" ind1=" " ind2=" "><marc:subfield code="a">Uk</marc:subfield><marc:subfield code="c">Uk</marc:subfield></marc:datafield><marc:datafield tag="100" ind1="1" ind2=" "><marc:subfield code="a">Adams, John Quincy,</marc:subfield><marc:subfield code="d">1767-1848.</marc:subfield></marc:datafield><marc:datafield tag="245" ind1="1" ind2="0"><marc:subfield code="a">Letters on Freemasonry.</marc:subfield></marc:datafield><marc:datafield tag="260" ind1=" " ind2=" "><marc:subfield code="a">Hartford :</marc:subfield><marc:subfield code="b">Joseph Hurlbut,</marc:subfield><marc:subfield code="c">1833.</marc:subfield></marc:datafield><marc:datafield tag="300" ind1=" " ind2=" "><marc:subfield code="a">32 p. ;</marc:subfield><marc:subfield code="c">12º.</marc:subfield></marc:datafield><marc:datafield tag="775" ind1="0" ind2=" "><marc:subfield code="t">[Letters on Freemasonry.]</marc:subfield><marc:subfield code="d">pp. 24. E. &amp; J. W. Cory: Providence, 1833. 8º.</marc:subfield><marc:subfield code="w">(Uk)MP1.0000018358.1</marc:subfield></marc:datafield><marc:datafield tag="775" ind1="0" ind2=" "><marc:subfield code="t">[Letters on Freemasonry.]</marc:subfield><marc:subfield code="d">pp. 24. Young Man's Antimasonic Association: Boston, 1833. 12º.</marc:subfield><marc:subfield code="w">(Uk)MP1.0000018358.2</marc:subfield></marc:datafield><marc:datafield tag="852" ind1="4" ind2="1"><marc:subfield code="a">British Library</marc:subfield><marc:subfield code="b">HMNTS</marc:subfield><marc:subfield code="j">4784.aaa.3.</marc:subfield></marc:datafield></marc:record>