
<marc:record><marc:leader>00932cam a22001693  4500</marc:leader>
<marc:controlfield tag="001">000016107</marc:controlfield>
<marc:controlfield tag="003">Uk</marc:controlfield><marc:controlfield tag="005">20111222151700.0</marc:controlfield><marc:controlfield tag="008">870814|1833|||||||    ||     ||| |||||  </marc:controlfield><marc:datafield tag="040" ind1=" " ind2=" "><marc:subfield code="a">Uk</marc:subfield><marc:subfield code="c">Uk</marc:subfield></marc:datafield><marc:datafield tag="100" ind1="1" ind2=" "><marc:subfield code="a">Adams, John Quincy,</marc:subfield><marc:subfield code="d">1767-1848.</marc:subfield></marc:datafield><marc:datafield tag="245" ind1="1" ind2="0"><marc:subfield code="a">Letters to Edward Livington, General Grand High Priest of the General Grand Royal Arch Chapter of the United States, etc.</marc:subfield></marc:datafield><marc:datafield tag="260" ind1=" " ind2=" "><marc:subfield code="a">[Boston,</marc:subfield><marc:subfield code="c">1833]</marc:subfield></marc:datafield><marc:datafield tag="300" ind1=" " ind2=" "><marc:subfield code="a">48 p. ;</marc:subfield><marc:subfield code="c">12º.</marc:subfield></marc:datafield><marc:datafield tag="775" ind1="0" ind2=" "><marc:subfield code="t">[Letters to Edward Livington, General Grand High Priest of the General Grand Royal Arch Chapter of the United States, etc.]</marc:subfield><marc:subfield code="d">pp. 35. Young Mens' Antimasonic Association: Boston, 1833. 12º.</marc:subfield><marc:subfield code="w">(Uk)MP1.0000018361.1</marc:subfield></marc:datafield><marc:datafield tag="775" ind1="0" ind2=" "><marc:subfield code="t">[Letters to Edward Livington, General Grand High Priest of the General Grand Royal Arch Chapter of the United States, etc.]</marc:subfield><marc:subfield code="d">pp. 56. Connecticut Antimasonic Tract Association: Hartford, 1834. 12º.</marc:subfield><marc:subfield code="w">(Uk)MP1.0000018361.2</marc:subfield></marc:datafield><marc:datafield tag="852" ind1="4" ind2="1"><marc:subfield code="a">British Library</marc:subfield><marc:subfield code="b">HMNTS</marc:subfield><marc:subfield code="j">4783.c.46.</marc:subfield></marc:datafield></marc:record>