
<marc:record><marc:leader>00770cam a22001693  4500</marc:leader>
<marc:controlfield tag="001">000016117</marc:controlfield>
<marc:controlfield tag="003">Uk</marc:controlfield><marc:controlfield tag="005">20120224170000.0</marc:controlfield><marc:controlfield tag="008">870814|1846|||||||    ||     ||| |||||  </marc:controlfield><marc:datafield tag="040" ind1=" " ind2=" "><marc:subfield code="a">Uk</marc:subfield><marc:subfield code="c">Uk</marc:subfield></marc:datafield><marc:datafield tag="100" ind1="1" ind2=" "><marc:subfield code="a">Adams, John Quincy,</marc:subfield><marc:subfield code="d">1767-1848.</marc:subfield></marc:datafield><marc:datafield tag="245" ind1="1" ind2="5"><marc:subfield code="a">[The New England Confederacy of 1643. A discourse delivered before the Massachusetts Historical Society, etc.]</marc:subfield></marc:datafield><marc:datafield tag="250" ind1=" " ind2=" "><marc:subfield code="a">[Another edition.]</marc:subfield></marc:datafield><marc:datafield tag="260" ind1=" " ind2=" "><marc:subfield code="c">1846.</marc:subfield></marc:datafield><marc:datafield tag="580" ind1=" " ind2=" "><marc:subfield code="a">In : Boston, Massachusetts.-Massachusetts Historical Society. Collections. ser. 3. vol. 9. 1825, etc. 8º.</marc:subfield></marc:datafield><marc:datafield tag="787" ind1="0" ind2=" "><marc:subfield code="t">The New England Confederacy of 1643. A discourse delivered before the Massachusetts Historical Society, etc.</marc:subfield><marc:subfield code="d">pp. 47. C. C. Little &amp; J. Brown: Boston, 1843. 8º.</marc:subfield><marc:subfield code="w">(Uk)MP1.0000018368</marc:subfield></marc:datafield><marc:datafield tag="852" ind1="4" ind2="1"><marc:subfield code="a">British Library</marc:subfield><marc:subfield code="b">HMNTS</marc:subfield><marc:subfield code="j">Ac.8400.</marc:subfield></marc:datafield></marc:record>