
<marc:record><marc:leader>00764 am a22001693  4500</marc:leader>
<marc:controlfield tag="001">000016120</marc:controlfield>
<marc:controlfield tag="003">Uk</marc:controlfield><marc:controlfield tag="005">20091125221700.0</marc:controlfield><marc:controlfield tag="008">870814|1820|||||||    ||     ||| |||||  </marc:controlfield><marc:datafield tag="040" ind1=" " ind2=" "><marc:subfield code="a">Uk</marc:subfield><marc:subfield code="c">Uk</marc:subfield></marc:datafield><marc:datafield tag="100" ind1="1" ind2=" "><marc:subfield code="a">Adams, John Quincy,</marc:subfield><marc:subfield code="d">1767-1848.</marc:subfield></marc:datafield><marc:datafield tag="245" ind1="1" ind2="4"><marc:subfield code="a">[An Oration, delivered at Plymouth, December 22, 1802, at the anniversary commemoration of the first landing of our ancestors at that place.]</marc:subfield></marc:datafield><marc:datafield tag="250" ind1=" " ind2=" "><marc:subfield code="a">[Another edition.]</marc:subfield></marc:datafield><marc:datafield tag="260" ind1=" " ind2=" "><marc:subfield code="a">pp. 22. Joseph Avery: Plymouth [Mass.], 1820.</marc:subfield></marc:datafield><marc:datafield tag="300" ind1=" " ind2=" "><marc:subfield code="a">8º.</marc:subfield></marc:datafield><marc:datafield tag="787" ind1="0" ind2=" "><marc:subfield code="t">An Oration, delivered at Plymouth, December 22, 1802, at the anniversary commemoration of the first landing of our ancestors at that place.</marc:subfield><marc:subfield code="d">pp. 31. Russell &amp; Cutler: Boston, 1802. 8º.</marc:subfield><marc:subfield code="w">(Uk)MP1.0000018370</marc:subfield></marc:datafield><marc:datafield tag="852" ind1="4" ind2="1"><marc:subfield code="a">British Library</marc:subfield><marc:subfield code="b">HMNTS</marc:subfield><marc:subfield code="j">8175.d.3.</marc:subfield></marc:datafield></marc:record>