
<marc:record><marc:leader>01294cam a22001813  4500</marc:leader>
<marc:controlfield tag="001">000016123</marc:controlfield>
<marc:controlfield tag="003">Uk</marc:controlfield><marc:controlfield tag="005">20111222151700.0</marc:controlfield><marc:controlfield tag="008">870814|1835|||||||    ||     ||| |||||  </marc:controlfield><marc:datafield tag="040" ind1=" " ind2=" "><marc:subfield code="a">Uk</marc:subfield><marc:subfield code="c">Uk</marc:subfield></marc:datafield><marc:datafield tag="100" ind1="1" ind2=" "><marc:subfield code="a">Adams, John Quincy,</marc:subfield><marc:subfield code="d">1767-1848.</marc:subfield></marc:datafield><marc:datafield tag="245" ind1="1" ind2="0"><marc:subfield code="a">Oration on the Life and Character of Gilbert Motier de Lafayette, delivered at the request of both Houses of ... Congress ... before them ... 31st December 1834.</marc:subfield></marc:datafield><marc:datafield tag="260" ind1=" " ind2=" "><marc:subfield code="a">Washington :</marc:subfield><marc:subfield code="b">Gales &amp; Seaton,</marc:subfield><marc:subfield code="c">1835.</marc:subfield></marc:datafield><marc:datafield tag="300" ind1=" " ind2=" "><marc:subfield code="a">94 p. ;</marc:subfield><marc:subfield code="c">8º.</marc:subfield></marc:datafield><marc:datafield tag="775" ind1="0" ind2=" "><marc:subfield code="t">[Oration on the Life and Character of Gilbert Motier de Lafayette, delivered at the request of both Houses of ... Congress ... before them ... 31st December 1834.]</marc:subfield><marc:subfield code="d">pp. 60. S. Colman; Russell, Odiorne &amp; Co.: Boston, 1835. 8º.</marc:subfield><marc:subfield code="w">(Uk)MP1.0000018373.1</marc:subfield></marc:datafield><marc:datafield tag="775" ind1="0" ind2=" "><marc:subfield code="t">[Oration on the Life and Character of Gilbert Motier de Lafayette, delivered at the request of both Houses of ... Congress ... before them ... 31st December 1834.]</marc:subfield><marc:subfield code="d">pp. 32. D. K. Minor: New York, 1835. 8º.</marc:subfield><marc:subfield code="w">(Uk)MP1.0000018373.2</marc:subfield></marc:datafield><marc:datafield tag="775" ind1="0" ind2=" "><marc:subfield code="t">[Oration on the Life and Character of Gilbert Motier de Lafayette, delivered at the request of both Houses of ... Congress ... before them ... 31st December 1834.]</marc:subfield><marc:subfield code="d">pp. 24. Craighead &amp; Allen: New York, 1835. 8º.</marc:subfield><marc:subfield code="w">(Uk)MP1.0000018373.3</marc:subfield></marc:datafield><marc:datafield tag="852" ind1="4" ind2="1"><marc:subfield code="a">British Library</marc:subfield><marc:subfield code="b">HMNTS</marc:subfield><marc:subfield code="j">10661.h.26.(1.)</marc:subfield></marc:datafield></marc:record>