
<marc:record><marc:leader>00824 am a22001693  4500</marc:leader>
<marc:controlfield tag="001">000016124</marc:controlfield>
<marc:controlfield tag="003">Uk</marc:controlfield><marc:controlfield tag="005">20091125221700.0</marc:controlfield><marc:controlfield tag="008">870814|1835|||||||    ||     ||| |||||  </marc:controlfield><marc:datafield tag="040" ind1=" " ind2=" "><marc:subfield code="a">Uk</marc:subfield><marc:subfield code="c">Uk</marc:subfield></marc:datafield><marc:datafield tag="100" ind1="1" ind2=" "><marc:subfield code="a">Adams, John Quincy,</marc:subfield><marc:subfield code="d">1767-1848.</marc:subfield></marc:datafield><marc:datafield tag="245" ind1="1" ind2="0"><marc:subfield code="a">[Oration on the Life and Character of Gilbert Motier de Lafayette, delivered at the request of both Houses of ... Congress ... before them ... 31st December 1834.]</marc:subfield></marc:datafield><marc:datafield tag="250" ind1=" " ind2=" "><marc:subfield code="a">[Another edition.]</marc:subfield></marc:datafield><marc:datafield tag="260" ind1=" " ind2=" "><marc:subfield code="a">pp. 60. S. Colman; Russell, Odiorne &amp; Co.: Boston, 1835.</marc:subfield></marc:datafield><marc:datafield tag="300" ind1=" " ind2=" "><marc:subfield code="a">8º.</marc:subfield></marc:datafield><marc:datafield tag="787" ind1="0" ind2=" "><marc:subfield code="t">Oration on the Life and Character of Gilbert Motier de Lafayette, delivered at the request of both Houses of ... Congress ... before them ... 31st December 1834.</marc:subfield><marc:subfield code="d">pp. 94. Gales &amp; Seaton: Washington, 1835. 8º.</marc:subfield><marc:subfield code="w">(Uk)MP1.0000018373</marc:subfield></marc:datafield><marc:datafield tag="852" ind1="4" ind2="1"><marc:subfield code="a">British Library</marc:subfield><marc:subfield code="b">HMNTS</marc:subfield><marc:subfield code="j">10659.cc.13.</marc:subfield></marc:datafield></marc:record>