
<marc:record><marc:leader>01054cam a22001933  4500</marc:leader>
<marc:controlfield tag="001">000016125</marc:controlfield>
<marc:controlfield tag="003">Uk</marc:controlfield><marc:controlfield tag="005">20111222151700.0</marc:controlfield><marc:controlfield tag="008">870814|1835|||||||    ||     ||| |||||  </marc:controlfield><marc:datafield tag="040" ind1=" " ind2=" "><marc:subfield code="a">Uk</marc:subfield><marc:subfield code="c">Uk</marc:subfield></marc:datafield><marc:datafield tag="100" ind1="1" ind2=" "><marc:subfield code="a">Adams, John Quincy,</marc:subfield><marc:subfield code="d">1767-1848.</marc:subfield></marc:datafield><marc:datafield tag="245" ind1="1" ind2="0"><marc:subfield code="a">[Oration on the Life and Character of Gilbert Motier de Lafayette, delivered at the request of both Houses of ... Congress ... before them ... 31st December 1834.]</marc:subfield></marc:datafield><marc:datafield tag="250" ind1=" " ind2=" "><marc:subfield code="a">[Another edition.]</marc:subfield></marc:datafield><marc:datafield tag="260" ind1=" " ind2=" "><marc:subfield code="a">New York :</marc:subfield><marc:subfield code="b">D. K. Minor,</marc:subfield><marc:subfield code="c">1835.</marc:subfield></marc:datafield><marc:datafield tag="300" ind1=" " ind2=" "><marc:subfield code="a">32 p. ;</marc:subfield><marc:subfield code="c">8º.</marc:subfield></marc:datafield><marc:datafield tag="700" ind1="1" ind2=" "><marc:subfield code="a">DU MOTIER, Marie Joseph Paul Roche Yves Gilbert,</marc:subfield><marc:subfield code="c">Marquis de La Fayette.</marc:subfield><marc:subfield code="t">Appendix.</marc:subfield></marc:datafield><marc:datafield tag="787" ind1="0" ind2=" "><marc:subfield code="t">Oration on the Life and Character of Gilbert Motier de Lafayette, delivered at the request of both Houses of ... Congress ... before them ... 31st December 1834.</marc:subfield><marc:subfield code="d">pp. 94. Gales &amp; Seaton: Washington, 1835. 8º.</marc:subfield><marc:subfield code="w">(Uk)MP1.0000018373</marc:subfield></marc:datafield><marc:datafield tag="852" ind1="4" ind2="1"><marc:subfield code="a">British Library</marc:subfield><marc:subfield code="b">HMNTS</marc:subfield><marc:subfield code="j">10660.d.39.(1.)</marc:subfield></marc:datafield><marc:datafield tag="886" ind1="2" ind2=" "><marc:subfield code="2">blmarc</marc:subfield><marc:subfield code="a">709</marc:subfield><marc:subfield code="b">00</marc:subfield><marc:subfield code="a">DU MOTIER</marc:subfield><marc:subfield code="h">Marie Joseph Paul Roche Yves Gilbert</marc:subfield><marc:subfield code="f">Marquis de La Fayette</marc:subfield><marc:subfield code="t">Appendix</marc:subfield><marc:subfield code="p">10660.d.39.(1.)</marc:subfield><marc:subfield code="x">0890620083</marc:subfield></marc:datafield></marc:record>