
<marc:record><marc:leader>00830cam a22001693  4500</marc:leader>
<marc:controlfield tag="001">000016145</marc:controlfield>
<marc:controlfield tag="003">Uk</marc:controlfield><marc:controlfield tag="005">20111222151700.0</marc:controlfield><marc:controlfield tag="008">870814|1833|||||||    ||     ||| |||||  </marc:controlfield><marc:datafield tag="040" ind1=" " ind2=" "><marc:subfield code="a">Uk</marc:subfield><marc:subfield code="c">Uk</marc:subfield></marc:datafield><marc:datafield tag="100" ind1="1" ind2=" "><marc:subfield code="a">Adams, John Quincy,</marc:subfield><marc:subfield code="d">1767-1848.</marc:subfield></marc:datafield><marc:datafield tag="245" ind1="1" ind2="0"><marc:subfield code="a">[Report of the Minority of the Committee on Manufactures, submitted to the House of Representatives ... Feb. 28, 1833.]</marc:subfield></marc:datafield><marc:datafield tag="250" ind1=" " ind2=" "><marc:subfield code="a">[Another edition.] Tariff Report of Mr. J. Q. Adams in the House of Representatives, etc. [Signed by J. Q. Adams and L. Condict.]</marc:subfield></marc:datafield><marc:datafield tag="260" ind1=" " ind2=" "><marc:subfield code="a">Boston :</marc:subfield><marc:subfield code="b">Beals, Homer &amp; Co.,</marc:subfield><marc:subfield code="c">1833.</marc:subfield></marc:datafield><marc:datafield tag="300" ind1=" " ind2=" "><marc:subfield code="a">51 p. ;</marc:subfield><marc:subfield code="c">8º.</marc:subfield></marc:datafield><marc:datafield tag="787" ind1="0" ind2=" "><marc:subfield code="t">Report of the Minority of the Committee on Manufactures, submitted to the House of Representatives ... Feb. 28, 1833.</marc:subfield><marc:subfield code="d">pp. 37. J. H. Eastburn: Boston, 1833. 8º.</marc:subfield><marc:subfield code="w">(Uk)MP1.0000018389</marc:subfield></marc:datafield><marc:datafield tag="852" ind1="4" ind2="1"><marc:subfield code="a">British Library</marc:subfield><marc:subfield code="b">HMNTS</marc:subfield><marc:subfield code="j">8226.h.27.</marc:subfield></marc:datafield></marc:record>