
<marc:record><marc:leader>00608cam a22001693  4500</marc:leader>
<marc:controlfield tag="001">000016169</marc:controlfield>
<marc:controlfield tag="003">Uk</marc:controlfield><marc:controlfield tag="005">20130710174400.0</marc:controlfield><marc:controlfield tag="008">870814|1805||||enk    ||     ||| |||||  </marc:controlfield><marc:datafield tag="040" ind1=" " ind2=" "><marc:subfield code="a">Uk</marc:subfield><marc:subfield code="c">Uk</marc:subfield></marc:datafield><marc:datafield tag="100" ind1="1" ind2=" "><marc:subfield code="a">ADAMS, Joseph,</marc:subfield><marc:subfield code="c">M.D., F.L.S.</marc:subfield></marc:datafield><marc:datafield tag="245" ind1="1" ind2="0"><marc:subfield code="a">[Answers to all the Objections hitherto made against Cow-Pox.]</marc:subfield></marc:datafield><marc:datafield tag="250" ind1=" " ind2=" "><marc:subfield code="a">Second edition, with additions.</marc:subfield></marc:datafield><marc:datafield tag="260" ind1=" " ind2=" "><marc:subfield code="a">London :</marc:subfield><marc:subfield code="b">J. Johnson,</marc:subfield><marc:subfield code="c">1805.</marc:subfield></marc:datafield><marc:datafield tag="300" ind1=" " ind2=" "><marc:subfield code="a">35 p. ;</marc:subfield><marc:subfield code="c">8º.</marc:subfield></marc:datafield><marc:datafield tag="787" ind1="0" ind2=" "><marc:subfield code="t">Answers to all the Objections hitherto made against Cow-Pox.</marc:subfield><marc:subfield code="d">pp. 37. J. Johnson: London, 1805. 8º.</marc:subfield><marc:subfield code="w">(Uk)MP1.0000018414</marc:subfield></marc:datafield><marc:datafield tag="852" ind1="4" ind2="1"><marc:subfield code="a">British Library</marc:subfield><marc:subfield code="b">HMNTS</marc:subfield><marc:subfield code="j">7306.ccc.3.(1.)</marc:subfield></marc:datafield></marc:record>