
<marc:record><marc:leader>00653 am a2200157   4500</marc:leader>
<marc:controlfield tag="001">000016171</marc:controlfield>
<marc:controlfield tag="003">Uk</marc:controlfield><marc:controlfield tag="005">20100611155120.0</marc:controlfield><marc:controlfield tag="008">870814s1814    enk           000 0 eng  </marc:controlfield><marc:datafield tag="040" ind1=" " ind2=" "><marc:subfield code="a">Uk</marc:subfield><marc:subfield code="c">Uk</marc:subfield></marc:datafield><marc:datafield tag="100" ind1="1" ind2=" "><marc:subfield code="a">ADAMS, Joseph,</marc:subfield><marc:subfield code="c">M.D., F.L.S.</marc:subfield></marc:datafield><marc:datafield tag="245" ind1="1" ind2="3"><marc:subfield code="a">An Illustration of Mr. Hunter's doctrine, particularly concerning the life of the blood, in answer to the Edinburgh Review of Mr. Abernethy's lectures.</marc:subfield><marc:subfield code="c">By Joseph Adams, ...</marc:subfield></marc:datafield><marc:datafield tag="260" ind1=" " ind2=" "><marc:subfield code="a">London:</marc:subfield><marc:subfield code="b">printed by W. Thorne..., and sold by J. Johnson ...; and J. Callow ...,</marc:subfield><marc:subfield code="c">1814.</marc:subfield></marc:datafield><marc:datafield tag="300" ind1=" " ind2=" "><marc:subfield code="a">[2],21, [1] p.</marc:subfield><marc:subfield code="c">24 cm.</marc:subfield></marc:datafield><marc:datafield tag="852" ind1="4" ind2="1"><marc:subfield code="a">British Library</marc:subfield><marc:subfield code="b">HMNTS</marc:subfield><marc:subfield code="j">B.490.(13.)</marc:subfield></marc:datafield><marc:datafield tag="852" ind1="4" ind2="1"><marc:subfield code="a">British Library</marc:subfield><marc:subfield code="b">HMNTS</marc:subfield><marc:subfield code="j">C.126.h.3.(2.)</marc:subfield></marc:datafield></marc:record>