
<marc:record><marc:leader>00955 am a22001813  4500</marc:leader>
<marc:controlfield tag="001">000016173</marc:controlfield>
<marc:controlfield tag="003">Uk</marc:controlfield><marc:controlfield tag="005">20091125221700.0</marc:controlfield><marc:controlfield tag="008">040114s1817    enkac  ||     000 |beng  </marc:controlfield><marc:datafield tag="040" ind1=" " ind2=" "><marc:subfield code="a">Uk</marc:subfield><marc:subfield code="c">Uk</marc:subfield></marc:datafield><marc:datafield tag="100" ind1="1" ind2=" "><marc:subfield code="a">ADAMS, Joseph,</marc:subfield><marc:subfield code="c">M.D., F.L.S.</marc:subfield></marc:datafield><marc:datafield tag="245" ind1="1" ind2="0"><marc:subfield code="a">Memoirs of the Life and Doctrines of the late John Hunter, Esq., etc.</marc:subfield></marc:datafield><marc:datafield tag="260" ind1=" " ind2=" "><marc:subfield code="a">London :</marc:subfield><marc:subfield code="b">printed by W. Thorne, and published by J. Callow; J. Hunter; and J. Ridgway,</marc:subfield><marc:subfield code="c">1817.</marc:subfield></marc:datafield><marc:datafield tag="300" ind1=" " ind2=" "><marc:subfield code="a">x, [2], 284 p.; [1] leaf of plates. Port. ;</marc:subfield><marc:subfield code="c">(8º); 21 cm.</marc:subfield></marc:datafield><marc:datafield tag="500" ind1=" " ind2=" "><marc:subfield code="a">With a half-title: 'Life of Mr. John Hunter'. - Includes a list of subscribers. - With an errata slip. - With [1]p. of advertisements for books by Joseph Adams at beginning of text.</marc:subfield></marc:datafield><marc:datafield tag="700" ind1="1" ind2=" "><marc:subfield code="a">HUNTER, John,</marc:subfield><marc:subfield code="c">F.R.S.</marc:subfield></marc:datafield><marc:datafield tag="852" ind1="4" ind2="1"><marc:subfield code="a">British Library</marc:subfield><marc:subfield code="b">HMNTS</marc:subfield><marc:subfield code="j">982.c.27.</marc:subfield></marc:datafield><marc:datafield tag="852" ind1="4" ind2="1"><marc:subfield code="a">British Library</marc:subfield><marc:subfield code="b">HMNTS</marc:subfield><marc:subfield code="j">RB.23.b.4745.</marc:subfield><marc:subfield code="3">[Another copy.]***MS. ownership inscription: Alfred Haviland London Nov. 5th 1845. - With the stamp of the Patent Office Library.</marc:subfield></marc:datafield></marc:record>