
<marc:record><marc:leader>01106cam a22001933  4500</marc:leader>
<marc:controlfield tag="001">000016195</marc:controlfield>
<marc:controlfield tag="003">Uk</marc:controlfield><marc:controlfield tag="005">20111222151700.0</marc:controlfield><marc:controlfield tag="008">870814|1850|||||||    ||     ||| |||||  </marc:controlfield><marc:datafield tag="040" ind1=" " ind2=" "><marc:subfield code="a">Uk</marc:subfield><marc:subfield code="c">Uk</marc:subfield></marc:datafield><marc:datafield tag="100" ind1="1" ind2=" "><marc:subfield code="a">Adams, Josiah.</marc:subfield></marc:datafield><marc:datafield tag="245" ind1="1" ind2="0"><marc:subfield code="a">Letter to Lemuel Shattuck, Esq. of Boston ... in vindication of the claims of Capt. Isaac Davis, of Acton, to his just share in the honors of the Concord Fight. Also, depositions of witnesses, etc. [In answer to L. Shattuck's “History of the Town of Concord,” etc.]</marc:subfield></marc:datafield><marc:datafield tag="260" ind1=" " ind2=" "><marc:subfield code="a">Boston :</marc:subfield><marc:subfield code="b">Damrell &amp; Moore,</marc:subfield><marc:subfield code="c">1850.</marc:subfield></marc:datafield><marc:datafield tag="300" ind1=" " ind2=" "><marc:subfield code="a">24 p. ;</marc:subfield><marc:subfield code="c">8º.</marc:subfield></marc:datafield><marc:datafield tag="700" ind1="1" ind2=" "><marc:subfield code="a">DAVIS, Isaac.</marc:subfield></marc:datafield><marc:datafield tag="700" ind1="1" ind2=" "><marc:subfield code="a">SHATTUCK, Lemuel.</marc:subfield><marc:subfield code="t">The History of the Town of Concord, Middlesex County, Massachusetts; and of the adjoining towns, Bedford, Acton, Lincoln and Carlisle, etc.</marc:subfield></marc:datafield><marc:datafield tag="852" ind1="4" ind2="1"><marc:subfield code="a">British Library</marc:subfield><marc:subfield code="b">HMNTS</marc:subfield><marc:subfield code="j">10880.e.2.</marc:subfield></marc:datafield><marc:datafield tag="886" ind1="2" ind2=" "><marc:subfield code="2">blmarc</marc:subfield><marc:subfield code="a">709</marc:subfield><marc:subfield code="b">00</marc:subfield><marc:subfield code="a">DAVIS</marc:subfield><marc:subfield code="h">Isaac</marc:subfield><marc:subfield code="p">10880.e.2.</marc:subfield><marc:subfield code="x">0781010098</marc:subfield></marc:datafield><marc:datafield tag="886" ind1="2" ind2=" "><marc:subfield code="2">blmarc</marc:subfield><marc:subfield code="a">709</marc:subfield><marc:subfield code="b">00</marc:subfield><marc:subfield code="a">SHATTUCK</marc:subfield><marc:subfield code="h">Lemuel</marc:subfield><marc:subfield code="t">The History of the Town of Concord, Middlesex County, Massachusetts; and of the adjoining towns, Bedford, Acton, Lincoln and Carlisle, etc.</marc:subfield><marc:subfield code="p">10880.e.2.</marc:subfield><marc:subfield code="x">3001560010</marc:subfield></marc:datafield></marc:record>