
<marc:record><marc:leader>00823cam a22001693  4500</marc:leader>
<marc:controlfield tag="001">000016254</marc:controlfield>
<marc:controlfield tag="003">Uk</marc:controlfield><marc:controlfield tag="005">20120210152800.0</marc:controlfield><marc:controlfield tag="008">870814|1820|||||||    ||     ||| |||||  </marc:controlfield><marc:datafield tag="040" ind1=" " ind2=" "><marc:subfield code="a">Uk</marc:subfield><marc:subfield code="c">Uk</marc:subfield></marc:datafield><marc:datafield tag="100" ind1="1" ind2=" "><marc:subfield code="a">ADAMS, M.,</marc:subfield><marc:subfield code="c">Satirist.</marc:subfield></marc:datafield><marc:datafield tag="245" ind1="1" ind2="2"><marc:subfield code="a">A parody on [William Hone's] the Political House that Jack built; or theReal House that Jack built ... With fourteen cuts. ms. notes.</marc:subfield></marc:datafield><marc:datafield tag="260" ind1=" " ind2=" "><marc:subfield code="a">London :</marc:subfield><marc:subfield code="b">C. Chapple,</marc:subfield><marc:subfield code="c">1820.</marc:subfield></marc:datafield><marc:datafield tag="300" ind1=" " ind2=" "><marc:subfield code="c">8º.</marc:subfield></marc:datafield><marc:datafield tag="700" ind1="1" ind2=" "><marc:subfield code="a">Hone, William,</marc:subfield><marc:subfield code="d">1780-1842.</marc:subfield><marc:subfield code="t">Single Works. The Political House that Jack Built. [By W. Hone.] With thirteen cuts. Forty-ninth edition.</marc:subfield></marc:datafield><marc:datafield tag="852" ind1="4" ind2="1"><marc:subfield code="a">British Library</marc:subfield><marc:subfield code="b">HMNTS</marc:subfield><marc:subfield code="j">C.131.d.13.(7.)</marc:subfield></marc:datafield><marc:datafield tag="886" ind1="2" ind2=" "><marc:subfield code="2">blmarc</marc:subfield><marc:subfield code="a">709</marc:subfield><marc:subfield code="b">00</marc:subfield><marc:subfield code="a">HONE</marc:subfield><marc:subfield code="h">William</marc:subfield><marc:subfield code="f">Bookseller</marc:subfield><marc:subfield code="t">Single Works</marc:subfield><marc:subfield code="t">The Political House that Jack Built. [By W. Hone.] With thirteen cuts. Forty-ninth edition.</marc:subfield><marc:subfield code="p">C.131.d.13.(7.)</marc:subfield><marc:subfield code="x">1520150334</marc:subfield></marc:datafield></marc:record>