
<marc:record><marc:leader>00660cam a22001693  4500</marc:leader>
<marc:controlfield tag="001">000016356</marc:controlfield>
<marc:controlfield tag="003">Uk</marc:controlfield><marc:controlfield tag="005">20111222151700.0</marc:controlfield><marc:controlfield tag="008">870814|1803|||||||    ||     ||| |||||  </marc:controlfield><marc:datafield tag="040" ind1=" " ind2=" "><marc:subfield code="a">Uk</marc:subfield><marc:subfield code="c">Uk</marc:subfield></marc:datafield><marc:datafield tag="100" ind1="1" ind2=" "><marc:subfield code="a">ADAMS, Moses,</marc:subfield><marc:subfield code="c">Minister of Acton, Mass.</marc:subfield></marc:datafield><marc:datafield tag="245" ind1="1" ind2="2"><marc:subfield code="a">A Sermon preached in Bolton, December 30, 1802, at the funeral of Rev. Phineas Wright ... To which is added, the character of the deceased, by the Rev. Daniel Chaplin, etc.</marc:subfield></marc:datafield><marc:datafield tag="260" ind1=" " ind2=" "><marc:subfield code="a">Boston :</marc:subfield><marc:subfield code="b">Manning &amp; Loring,</marc:subfield><marc:subfield code="c">1803.</marc:subfield></marc:datafield><marc:datafield tag="300" ind1=" " ind2=" "><marc:subfield code="a">27 p. ;</marc:subfield><marc:subfield code="c">8º.</marc:subfield></marc:datafield><marc:datafield tag="700" ind1="1" ind2=" "><marc:subfield code="a">WRIGHT, Phineas.</marc:subfield></marc:datafield><marc:datafield tag="852" ind1="4" ind2="1"><marc:subfield code="a">British Library</marc:subfield><marc:subfield code="b">HMNTS</marc:subfield><marc:subfield code="j">4986.de.10.(7)</marc:subfield></marc:datafield><marc:datafield tag="886" ind1="2" ind2=" "><marc:subfield code="2">blmarc</marc:subfield><marc:subfield code="a">709</marc:subfield><marc:subfield code="b">00</marc:subfield><marc:subfield code="a">WRIGHT</marc:subfield><marc:subfield code="h">Phineas</marc:subfield><marc:subfield code="p">4986.de.10.(7.)</marc:subfield><marc:subfield code="x">3562520271</marc:subfield></marc:datafield></marc:record>