
<marc:record><marc:leader>00728cam a22001813  4500</marc:leader>
<marc:controlfield tag="001">000016376</marc:controlfield>
<marc:controlfield tag="003">Uk</marc:controlfield><marc:controlfield tag="005">20111222151700.0</marc:controlfield><marc:controlfield tag="008">870814|1840|||||||    ||     ||| |||||  </marc:controlfield><marc:datafield tag="040" ind1=" " ind2=" "><marc:subfield code="a">Uk</marc:subfield><marc:subfield code="c">Uk</marc:subfield></marc:datafield><marc:datafield tag="100" ind1="1" ind2=" "><marc:subfield code="a">ADAMS, Nehemiah.</marc:subfield></marc:datafield><marc:datafield tag="245" ind1="1" ind2="2"><marc:subfield code="a">A Letter to the Rev. Ezra S. Gannett-occasioned by his tract on atonement.</marc:subfield></marc:datafield><marc:datafield tag="260" ind1=" " ind2=" "><marc:subfield code="a">Boston :</marc:subfield><marc:subfield code="b">J. Munroe &amp; Co.,</marc:subfield><marc:subfield code="c">1840.</marc:subfield></marc:datafield><marc:datafield tag="300" ind1=" " ind2=" "><marc:subfield code="a">64 p. ;</marc:subfield><marc:subfield code="c">12º.</marc:subfield></marc:datafield><marc:datafield tag="700" ind1="1" ind2=" "><marc:subfield code="a">GANNETT, Ezra Stiles.</marc:subfield></marc:datafield><marc:datafield tag="775" ind1="0" ind2=" "><marc:subfield code="t">[A Letter to the Rev. Ezra S. Gannett-occasioned by his tract on atonement.]</marc:subfield><marc:subfield code="d">pp. 48. Tappan &amp; Dennet: Boston, 1841. 12º.</marc:subfield><marc:subfield code="w">(Uk)MP1.0000018618.1</marc:subfield></marc:datafield><marc:datafield tag="852" ind1="4" ind2="1"><marc:subfield code="a">British Library</marc:subfield><marc:subfield code="b">HMNTS</marc:subfield><marc:subfield code="j">4226.aaa.7.</marc:subfield></marc:datafield><marc:datafield tag="886" ind1="2" ind2=" "><marc:subfield code="2">blmarc</marc:subfield><marc:subfield code="a">709</marc:subfield><marc:subfield code="b">00</marc:subfield><marc:subfield code="a">GANNETT</marc:subfield><marc:subfield code="h">Ezra Stiles</marc:subfield><marc:subfield code="p">4226.aaa.7.</marc:subfield><marc:subfield code="x">1193090016</marc:subfield><marc:subfield code="p">4226.aaa.8.</marc:subfield><marc:subfield code="x">1193090016</marc:subfield></marc:datafield></marc:record>