
<marc:record><marc:leader>00733cam a22001573  4500</marc:leader>
<marc:controlfield tag="001">000016381</marc:controlfield>
<marc:controlfield tag="003">Uk</marc:controlfield><marc:controlfield tag="005">20111222151700.0</marc:controlfield><marc:controlfield tag="008">870814|1855|||||||    ||     ||| ||eng  </marc:controlfield><marc:datafield tag="040" ind1=" " ind2=" "><marc:subfield code="a">Uk</marc:subfield><marc:subfield code="c">Uk</marc:subfield></marc:datafield><marc:datafield tag="100" ind1="1" ind2=" "><marc:subfield code="a">ADAMS, Nehemiah.</marc:subfield></marc:datafield><marc:datafield tag="245" ind1="1" ind2="4"><marc:subfield code="a">The Power of Christian Gratitude. A sermon, preached at Utica ... before the American Board of Commissioners for Foreign Missions, etc.</marc:subfield></marc:datafield><marc:datafield tag="260" ind1=" " ind2=" "><marc:subfield code="a">Boston :</marc:subfield><marc:subfield code="b">J. P. Jewett &amp; Co.,</marc:subfield><marc:subfield code="c">1855.</marc:subfield></marc:datafield><marc:datafield tag="300" ind1=" " ind2=" "><marc:subfield code="a">28 p. ;</marc:subfield><marc:subfield code="c">8º.</marc:subfield></marc:datafield><marc:datafield tag="775" ind1="0" ind2=" "><marc:subfield code="t">[The Power of Christian Gratitude. A sermon, preached at Utica ... before the American Board of Commissioners for Foreign Missions, etc.]</marc:subfield><marc:subfield code="n">In Christian Graces. Christian Graces, etc. pt. 8. 1859. 16º.</marc:subfield><marc:subfield code="w">(Uk)MP1.0000018622.1</marc:subfield></marc:datafield><marc:datafield tag="852" ind1="4" ind2="1"><marc:subfield code="a">British Library</marc:subfield><marc:subfield code="b">HMNTS</marc:subfield><marc:subfield code="j">4486.bb.63.(10.)</marc:subfield></marc:datafield></marc:record>