
<marc:record><marc:leader>00744 am a22001573  4500</marc:leader>
<marc:controlfield tag="001">000016382</marc:controlfield>
<marc:controlfield tag="003">Uk</marc:controlfield><marc:controlfield tag="005">20091125221800.0</marc:controlfield><marc:controlfield tag="008">870814|1859|||||||    ||     ||| |||||  </marc:controlfield><marc:datafield tag="040" ind1=" " ind2=" "><marc:subfield code="a">Uk</marc:subfield><marc:subfield code="c">Uk</marc:subfield></marc:datafield><marc:datafield tag="100" ind1="1" ind2=" "><marc:subfield code="a">ADAMS, Nehemiah.</marc:subfield></marc:datafield><marc:datafield tag="245" ind1="1" ind2="5"><marc:subfield code="a">[The Power of Christian Gratitude. A sermon, preached at Utica ... before the American Board of Commissioners for Foreign Missions, etc.]</marc:subfield></marc:datafield><marc:datafield tag="250" ind1=" " ind2=" "><marc:subfield code="a">[Another edition.]</marc:subfield></marc:datafield><marc:datafield tag="580" ind1=" " ind2=" "><marc:subfield code="a">In : Christian Graces. Christian Graces, etc. pt. 8. 1859. 16º.</marc:subfield></marc:datafield><marc:datafield tag="787" ind1="0" ind2=" "><marc:subfield code="t">The Power of Christian Gratitude. A sermon, preached at Utica ... before the American Board of Commissioners for Foreign Missions, etc.</marc:subfield><marc:subfield code="d">pp. 28. J. P. Jewett &amp; Co.: Boston, 1855. 8º.</marc:subfield><marc:subfield code="w">(Uk)MP1.0000018622</marc:subfield></marc:datafield><marc:datafield tag="852" ind1="4" ind2="1"><marc:subfield code="a">British Library</marc:subfield><marc:subfield code="b">HMNTS</marc:subfield><marc:subfield code="j">D-4418.b.13.</marc:subfield></marc:datafield></marc:record>