
<marc:record><marc:leader>00663cam a22001693  4500</marc:leader>
<marc:controlfield tag="001">000016407</marc:controlfield>
<marc:controlfield tag="003">Uk</marc:controlfield><marc:controlfield tag="005">20111222151700.0</marc:controlfield><marc:controlfield tag="008">870814|1886|||||||    ||     ||| |||||  </marc:controlfield><marc:datafield tag="040" ind1=" " ind2=" "><marc:subfield code="a">Uk</marc:subfield><marc:subfield code="c">Uk</marc:subfield></marc:datafield><marc:datafield tag="100" ind1="1" ind2=" "><marc:subfield code="a">ADAMS, Oscar Fay.</marc:subfield></marc:datafield><marc:datafield tag="245" ind1="1" ind2="0"><marc:subfield code="a">Post-Laureate Idyls [parodies of Lord Tennyson's “Idylls of the King”], and other poems.</marc:subfield></marc:datafield><marc:datafield tag="260" ind1=" " ind2=" "><marc:subfield code="a">Boston :</marc:subfield><marc:subfield code="b">D. Lothrop &amp; Co.,</marc:subfield><marc:subfield code="c">1886.</marc:subfield></marc:datafield><marc:datafield tag="300" ind1=" " ind2=" "><marc:subfield code="a">166 p. ;</marc:subfield><marc:subfield code="c">12º.</marc:subfield></marc:datafield><marc:datafield tag="700" ind1="1" ind2=" "><marc:subfield code="a">Tennyson, Alfred Tennyson,</marc:subfield><marc:subfield code="c">Baron,</marc:subfield><marc:subfield code="d">1809-1892.</marc:subfield><marc:subfield code="t">Idylls of the King. Appendix.</marc:subfield></marc:datafield><marc:datafield tag="852" ind1="4" ind2="1"><marc:subfield code="a">British Library</marc:subfield><marc:subfield code="b">HMNTS</marc:subfield><marc:subfield code="j">11687.de.37.</marc:subfield></marc:datafield><marc:datafield tag="886" ind1="2" ind2=" "><marc:subfield code="2">blmarc</marc:subfield><marc:subfield code="a">709</marc:subfield><marc:subfield code="b">00</marc:subfield><marc:subfield code="a">TENNYSON</marc:subfield><marc:subfield code="h">Alfred</marc:subfield><marc:subfield code="f">Baron Tennyson</marc:subfield><marc:subfield code="t">Idylls of the King</marc:subfield><marc:subfield code="t">Appendix</marc:subfield><marc:subfield code="p">11687.de.37.</marc:subfield><marc:subfield code="x">3223850325</marc:subfield></marc:datafield></marc:record>