
<marc:record><marc:leader>00497 am a22001333  4500</marc:leader>
<marc:controlfield tag="001">000016422</marc:controlfield>
<marc:controlfield tag="003">Uk</marc:controlfield><marc:controlfield tag="005">20091125221800.0</marc:controlfield><marc:controlfield tag="008">870814|1842|||||||    ||     ||| |||||  </marc:controlfield><marc:datafield tag="040" ind1=" " ind2=" "><marc:subfield code="a">Uk</marc:subfield><marc:subfield code="c">Uk</marc:subfield></marc:datafield><marc:datafield tag="100" ind1="1" ind2=" "><marc:subfield code="a">ADAMS, P.,</marc:subfield><marc:subfield code="c">Professor of Architecture at Delft .</marc:subfield></marc:datafield><marc:datafield tag="245" ind1="1" ind2="0"><marc:subfield code="a">Project van een algemeen Bedelaars-Werkhuis. Projet d'un dépot de mendicité.</marc:subfield></marc:datafield><marc:datafield tag="580" ind1=" " ind2=" "><marc:subfield code="a">In : Amsterdam.-Maatschappij tot aanmoediging der Bouwkunde. Bekroonde Prijsvragen, etc. 1842. fol.</marc:subfield></marc:datafield><marc:datafield tag="852" ind1="4" ind2="1"><marc:subfield code="a">British Library</marc:subfield><marc:subfield code="b">HMNTS</marc:subfield><marc:subfield code="j">1731.b.10.</marc:subfield></marc:datafield></marc:record>