
<marc:record><marc:leader>00871cam a22001693  4500</marc:leader>
<marc:controlfield tag="001">000016496</marc:controlfield>
<marc:controlfield tag="003">Uk</marc:controlfield><marc:controlfield tag="005">20120224170000.0</marc:controlfield><marc:controlfield tag="008">870814|1844|||||||    ||     ||| |||||  </marc:controlfield><marc:datafield tag="040" ind1=" " ind2=" "><marc:subfield code="a">Uk</marc:subfield><marc:subfield code="c">Uk</marc:subfield></marc:datafield><marc:datafield tag="100" ind1="1" ind2=" "><marc:subfield code="a">Adams, Richard,</marc:subfield><marc:subfield code="d">1626?-1698.</marc:subfield></marc:datafield><marc:datafield tag="245" ind1="1" ind2="0"><marc:subfield code="a">[How are the ordinary means of grace more certainly successful for conversion, than if persons from heaven or hell should tell us what is done there?]</marc:subfield></marc:datafield><marc:datafield tag="250" ind1=" " ind2=" "><marc:subfield code="a">[Another edition.]</marc:subfield></marc:datafield><marc:datafield tag="260" ind1=" " ind2=" "><marc:subfield code="c">1844.</marc:subfield></marc:datafield><marc:datafield tag="580" ind1=" " ind2=" "><marc:subfield code="a">In : Annesley (Samuel) LL.D., etc. The Morning Exercises at Cripplegate, etc. vol. 4. 1844, etc. 8º.</marc:subfield></marc:datafield><marc:datafield tag="787" ind1="0" ind2=" "><marc:subfield code="t">How are the ordinary means of grace more certainly successful for conversion, than if persons from heaven or hell should tell us what is done there?</marc:subfield><marc:subfield code="n">In Annesley (Samuel) LL.D., etc. Casuistical Morning Exercises, etc. 1690. 4º.</marc:subfield><marc:subfield code="w">(Uk)MP1.0000018733</marc:subfield></marc:datafield><marc:datafield tag="852" ind1="4" ind2="1"><marc:subfield code="a">British Library</marc:subfield><marc:subfield code="b">HMNTS</marc:subfield><marc:subfield code="j">1356.h.4.</marc:subfield></marc:datafield></marc:record>