
<marc:record><marc:leader>00860cam a22001573  4500</marc:leader>
<marc:controlfield tag="001">000016574</marc:controlfield>
<marc:controlfield tag="003">Uk</marc:controlfield><marc:controlfield tag="005">20110224145400.0</marc:controlfield><marc:controlfield tag="008">870814|1865|||||||    ||     ||| |||||  </marc:controlfield><marc:datafield tag="040" ind1=" " ind2=" "><marc:subfield code="a">Uk</marc:subfield><marc:subfield code="c">Uk</marc:subfield></marc:datafield><marc:datafield tag="100" ind1="1" ind2=" "><marc:subfield code="a">ADAMS, Rudolph.</marc:subfield></marc:datafield><marc:datafield tag="245" ind1="1" ind2="0"><marc:subfield code="a">Adam's Chromatoakkordeon-Farbenakkorden-Sucher-zur Bestimmung von harmonischen Farben-Zusammenstellungen in jeder Zahl und von jedem Charakter. Erläuternder Text und Anleitung zum Gebrauche des Instruments. (Mit Instrument.).</marc:subfield></marc:datafield><marc:datafield tag="260" ind1=" " ind2=" "><marc:subfield code="a">Berlin,</marc:subfield><marc:subfield code="c">1865.</marc:subfield></marc:datafield><marc:datafield tag="300" ind1=" " ind2=" "><marc:subfield code="a">32 p. ;</marc:subfield><marc:subfield code="c">8º.</marc:subfield></marc:datafield><marc:datafield tag="775" ind1="0" ind2=" "><marc:subfield code="t">[Adam's Chromatoakkordeon-Farbenakkorden-Sucher-zur Bestimmung von harmonischen Farben-Zusammenstellungen in jeder Zahl und von jedem Charakter. Erläuternder Text und Anleitung zum Gebrauche des Instruments. (Mit Instrument.)]</marc:subfield><marc:subfield code="d">pp. 12. Berlin, [1866.] obl. 4º.</marc:subfield><marc:subfield code="w">(Uk)MP1.0000018811.1</marc:subfield></marc:datafield><marc:datafield tag="852" ind1="4" ind2="1"><marc:subfield code="a">British Library</marc:subfield><marc:subfield code="b">HMNTS</marc:subfield><marc:subfield code="j">D-7896.bb.6.</marc:subfield></marc:datafield></marc:record>