
<marc:record><marc:leader>00419cam a22001453  4500</marc:leader>
<marc:controlfield tag="001">000016586</marc:controlfield>
<marc:controlfield tag="003">Uk</marc:controlfield><marc:controlfield tag="005">20120210152800.0</marc:controlfield><marc:controlfield tag="008">870814|1849|||||||    ||     ||| |||||  </marc:controlfield><marc:datafield tag="040" ind1=" " ind2=" "><marc:subfield code="a">Uk</marc:subfield><marc:subfield code="c">Uk</marc:subfield></marc:datafield><marc:datafield tag="100" ind1="1" ind2=" "><marc:subfield code="a">ADAMS, Samuel,</marc:subfield><marc:subfield code="c">Curate of Thornton and Bagworth.</marc:subfield></marc:datafield><marc:datafield tag="245" ind1="1" ind2="0"><marc:subfield code="a">Knowledge from afar. [Extracts from sermons.]</marc:subfield></marc:datafield><marc:datafield tag="260" ind1=" " ind2=" "><marc:subfield code="a">Thornton :</marc:subfield><marc:subfield code="b">A. C. Adams,</marc:subfield><marc:subfield code="c">1849.</marc:subfield></marc:datafield><marc:datafield tag="300" ind1=" " ind2=" "><marc:subfield code="c">8º.</marc:subfield></marc:datafield><marc:datafield tag="852" ind1="4" ind2="1"><marc:subfield code="a">British Library</marc:subfield><marc:subfield code="b">HMNTS</marc:subfield><marc:subfield code="j">4473.f.16.(7.)</marc:subfield></marc:datafield></marc:record>