
<marc:record><marc:leader>00815cam a22001933  4500</marc:leader>
<marc:controlfield tag="001">000016590</marc:controlfield>
<marc:controlfield tag="003">Uk</marc:controlfield><marc:controlfield tag="005">20120814114049.0</marc:controlfield><marc:controlfield tag="008">870814|1831|||||||    ||     ||| |||||  </marc:controlfield><marc:datafield tag="040" ind1=" " ind2=" "><marc:subfield code="a">Uk</marc:subfield><marc:subfield code="c">Uk</marc:subfield></marc:datafield><marc:datafield tag="100" ind1="1" ind2=" "><marc:subfield code="a">ADAMS, Samuel,</marc:subfield><marc:subfield code="c">Dean of Cashel.</marc:subfield></marc:datafield><marc:datafield tag="245" ind1="1" ind2="0"><marc:subfield code="a">Report of the Trial of the Case of the Very Rev. Samuel Adams ... versus Philip Dundas ... for seduction ... In the Court of Exchequer in Ireland on the 26th and 27th days of May, 1831. Taken in short-hand. By James Mongan ... Second edition.</marc:subfield></marc:datafield><marc:datafield tag="260" ind1=" " ind2=" "><marc:subfield code="a">Dublin :</marc:subfield><marc:subfield code="b">N. Clarke,</marc:subfield><marc:subfield code="c">1831.</marc:subfield></marc:datafield><marc:datafield tag="300" ind1=" " ind2=" "><marc:subfield code="a">71 p. ;</marc:subfield><marc:subfield code="c">12º.</marc:subfield></marc:datafield><marc:datafield tag="700" ind1="1" ind2=" "><marc:subfield code="a">Dundas, Philip,</marc:subfield><marc:subfield code="d">-1870.</marc:subfield></marc:datafield><marc:datafield tag="700" ind1="1" ind2=" "><marc:subfield code="a">MONGAN, James.</marc:subfield></marc:datafield><marc:datafield tag="852" ind1="4" ind2="1"><marc:subfield code="a">British Library</marc:subfield><marc:subfield code="b">HMNTS</marc:subfield><marc:subfield code="j">06496.a.8.</marc:subfield></marc:datafield><marc:datafield tag="886" ind1="2" ind2=" "><marc:subfield code="2">blmarc</marc:subfield><marc:subfield code="a">709</marc:subfield><marc:subfield code="b">00</marc:subfield><marc:subfield code="a">DUNDAS</marc:subfield><marc:subfield code="h">Philip</marc:subfield><marc:subfield code="p">06496.a.8.</marc:subfield><marc:subfield code="x">0891680241</marc:subfield></marc:datafield><marc:datafield tag="886" ind1="2" ind2=" "><marc:subfield code="2">blmarc</marc:subfield><marc:subfield code="a">709</marc:subfield><marc:subfield code="b">00</marc:subfield><marc:subfield code="a">MONGAN</marc:subfield><marc:subfield code="h">James</marc:subfield><marc:subfield code="p">06496.a.8.</marc:subfield><marc:subfield code="x">2243990229</marc:subfield></marc:datafield></marc:record>