
<marc:record><marc:leader>01231cam a22002173  4500</marc:leader>
<marc:controlfield tag="001">000016619</marc:controlfield>
<marc:controlfield tag="003">Uk</marc:controlfield><marc:controlfield tag="005">20050628134439.0</marc:controlfield><marc:controlfield tag="008">870814|1876|||||||    ||     ||| |||||  </marc:controlfield><marc:datafield tag="040" ind1=" " ind2=" "><marc:subfield code="a">Uk</marc:subfield><marc:subfield code="c">Uk</marc:subfield></marc:datafield><marc:datafield tag="100" ind1="1" ind2=" "><marc:subfield code="a">Adams, Sarah Flower,</marc:subfield><marc:subfield code="d">1805-1848.</marc:subfield></marc:datafield><marc:datafield tag="245" ind1="1" ind2="0"><marc:subfield code="a">“Nearer my God to Thee” ... [A hymn.] With designs by L. B. Humphrey.</marc:subfield></marc:datafield><marc:datafield tag="260" ind1=" " ind2=" "><marc:subfield code="a">Boston :</marc:subfield><marc:subfield code="b">Lee &amp; Shepard,</marc:subfield><marc:subfield code="c">1876.</marc:subfield></marc:datafield><marc:datafield tag="300" ind1=" " ind2=" "><marc:subfield code="c">4º.</marc:subfield></marc:datafield><marc:datafield tag="700" ind1="1" ind2=" "><marc:subfield code="a">HUMPHREY, L. B.,</marc:subfield><marc:subfield code="c">Miss.</marc:subfield></marc:datafield><marc:datafield tag="775" ind1="0" ind2=" "><marc:subfield code="t">[“Nearer my God to Thee” ... [A hymn.] With designs by L. B. Humphrey.]</marc:subfield><marc:subfield code="d">Nelson &amp; Sons: London, [1884.] 8º.</marc:subfield><marc:subfield code="w">(Uk)MP1.0000018857.1</marc:subfield></marc:datafield><marc:datafield tag="775" ind1="0" ind2=" "><marc:subfield code="t">[“Nearer my God to Thee” ... [A hymn.] With designs by L. B. Humphrey.]</marc:subfield><marc:subfield code="d">F. A. Stokes: New York, 1887. 12º.</marc:subfield><marc:subfield code="w">(Uk)MP1.0000018857.2</marc:subfield></marc:datafield><marc:datafield tag="775" ind1="0" ind2=" "><marc:subfield code="t">[“Nearer my God to Thee” ... [A hymn.] With designs by L. B. Humphrey.]</marc:subfield><marc:subfield code="d">Ernest Nister: London; E. P. Dutton &amp; Co.: New York; printed in Bavaria, [1904.] 8º.</marc:subfield><marc:subfield code="w">(Uk)MP1.0000018857.3</marc:subfield></marc:datafield><marc:datafield tag="775" ind1="0" ind2=" "><marc:subfield code="t">[“Nearer my God to Thee” ... [A hymn.] With designs by L. B. Humphrey.]</marc:subfield><marc:subfield code="d">pp. 16. Privately printed for J. Pearson &amp; Co.: London, 1911. 8º.</marc:subfield><marc:subfield code="w">(Uk)MP1.0000018857.4</marc:subfield></marc:datafield><marc:datafield tag="852" ind1="4" ind2="1"><marc:subfield code="a">British Library</marc:subfield><marc:subfield code="b">HMNTS</marc:subfield><marc:subfield code="j">3437.ff.7.</marc:subfield></marc:datafield><marc:datafield tag="886" ind1="2" ind2=" "><marc:subfield code="2">blmarc</marc:subfield><marc:subfield code="a">709</marc:subfield><marc:subfield code="b">00</marc:subfield><marc:subfield code="a">HUMPHREY</marc:subfield><marc:subfield code="h">L. B.</marc:subfield><marc:subfield code="f">Miss</marc:subfield><marc:subfield code="p">3437.ff.7.</marc:subfield><marc:subfield code="x">1553150198</marc:subfield></marc:datafield></marc:record>