
<marc:record><marc:leader>00915cam a22002173  4500</marc:leader>
<marc:controlfield tag="001">000016620</marc:controlfield>
<marc:controlfield tag="003">Uk</marc:controlfield><marc:controlfield tag="005">20130522192300.0</marc:controlfield><marc:controlfield tag="008">870814|1884||||enk    ||     ||| |||||  </marc:controlfield><marc:datafield tag="040" ind1=" " ind2=" "><marc:subfield code="a">Uk</marc:subfield><marc:subfield code="c">Uk</marc:subfield></marc:datafield><marc:datafield tag="100" ind1="1" ind2=" "><marc:subfield code="a">Adams, Sarah Flower,</marc:subfield><marc:subfield code="d">1805-1848.</marc:subfield></marc:datafield><marc:datafield tag="245" ind1="1" ind2="0"><marc:subfield code="a">[“Nearer my God to Thee” ... [A hymn.] With designs by L. B. Humphrey.]</marc:subfield></marc:datafield><marc:datafield tag="250" ind1=" " ind2=" "><marc:subfield code="a">[Another edition.] With 15 illustrations [and a memorial sketch of S. F. Adams Signed: H. L. L., i.e. Jane Borthwick.]</marc:subfield></marc:datafield><marc:datafield tag="260" ind1=" " ind2=" "><marc:subfield code="a">London :</marc:subfield><marc:subfield code="b">Nelson &amp; Sons,</marc:subfield><marc:subfield code="c">[1884]</marc:subfield></marc:datafield><marc:datafield tag="300" ind1=" " ind2=" "><marc:subfield code="c">8º.</marc:subfield></marc:datafield><marc:datafield tag="700" ind1="1" ind2=" "><marc:subfield code="a">BORTHWICK, Jane.</marc:subfield></marc:datafield><marc:datafield tag="700" ind1="1" ind2=" "><marc:subfield code="a">L., H. L.</marc:subfield></marc:datafield><marc:datafield tag="787" ind1="0" ind2=" "><marc:subfield code="t">“Nearer my God to Thee” ... [A hymn.] With designs by L. B. Humphrey.</marc:subfield><marc:subfield code="d">Lee &amp; Shepard: Boston, 1876. 4º.</marc:subfield><marc:subfield code="w">(Uk)MP1.0000018857</marc:subfield></marc:datafield><marc:datafield tag="852" ind1="4" ind2="1"><marc:subfield code="a">British Library</marc:subfield><marc:subfield code="b">HMNTS</marc:subfield><marc:subfield code="j">3434.ccc.24.</marc:subfield></marc:datafield><marc:datafield tag="886" ind1="2" ind2=" "><marc:subfield code="2">blmarc</marc:subfield><marc:subfield code="a">709</marc:subfield><marc:subfield code="b">00</marc:subfield><marc:subfield code="a">BORTHWICK</marc:subfield><marc:subfield code="h">Jane</marc:subfield><marc:subfield code="p">3434.ccc.24.</marc:subfield><marc:subfield code="x">0382230183</marc:subfield></marc:datafield><marc:datafield tag="886" ind1="2" ind2=" "><marc:subfield code="2">blmarc</marc:subfield><marc:subfield code="a">709</marc:subfield><marc:subfield code="b">00</marc:subfield><marc:subfield code="a">L.</marc:subfield><marc:subfield code="h">H. L.</marc:subfield><marc:subfield code="p">3434.ccc.24.</marc:subfield><marc:subfield code="x">1812070128</marc:subfield></marc:datafield></marc:record>