
<marc:record><marc:leader>00420 am a22001333  4500</marc:leader>
<marc:controlfield tag="001">000016624</marc:controlfield>
<marc:controlfield tag="003">Uk</marc:controlfield><marc:controlfield tag="005">20091125221800.0</marc:controlfield><marc:controlfield tag="008">870814|1894|||||||    ||     ||| |||||  </marc:controlfield><marc:datafield tag="040" ind1=" " ind2=" "><marc:subfield code="a">Uk</marc:subfield><marc:subfield code="c">Uk</marc:subfield></marc:datafield><marc:datafield tag="100" ind1="1" ind2=" "><marc:subfield code="a">Adams, Sarah Flower,</marc:subfield><marc:subfield code="d">1805-1848.</marc:subfield></marc:datafield><marc:datafield tag="245" ind1="1" ind2="2"><marc:subfield code="a">A Summer Recollection. [A poem.]</marc:subfield></marc:datafield><marc:datafield tag="580" ind1=" " ind2=" "><marc:subfield code="a">In : Conway (Moncure D.) Centenary History of the South Place Society, etc. 1894. 8º.</marc:subfield></marc:datafield><marc:datafield tag="852" ind1="4" ind2="1"><marc:subfield code="a">British Library</marc:subfield><marc:subfield code="b">HMNTS</marc:subfield><marc:subfield code="j">4715.b.37.</marc:subfield></marc:datafield></marc:record>