
<marc:record><marc:leader>00685 am a22001693  4500</marc:leader>
<marc:controlfield tag="001">000016652</marc:controlfield>
<marc:controlfield tag="003">Uk</marc:controlfield><marc:controlfield tag="005">20091125221800.0</marc:controlfield><marc:controlfield tag="008">870814|1823|||||||    ||     ||| |||||  </marc:controlfield><marc:datafield tag="040" ind1=" " ind2=" "><marc:subfield code="a">Uk</marc:subfield><marc:subfield code="c">Uk</marc:subfield></marc:datafield><marc:datafield tag="100" ind1="1" ind2=" "><marc:subfield code="a">ADAMS, Thomas,</marc:subfield><marc:subfield code="c">Author of “A Scourge for Lord Byron.”.</marc:subfield></marc:datafield><marc:datafield tag="245" ind1="1" ind2="2"><marc:subfield code="a">A Scourge for Lord Byron; or, &quot;Cain, a mystery&quot; unmasked. [In verse.]</marc:subfield></marc:datafield><marc:datafield tag="260" ind1=" " ind2=" "><marc:subfield code="a">London :</marc:subfield><marc:subfield code="b">T. Adams,</marc:subfield><marc:subfield code="c">1823.</marc:subfield></marc:datafield><marc:datafield tag="300" ind1=" " ind2=" "><marc:subfield code="a">33 p. ;</marc:subfield><marc:subfield code="c">8º.</marc:subfield></marc:datafield><marc:datafield tag="700" ind1="1" ind2=" "><marc:subfield code="a">Byron, George Gordon Byron,</marc:subfield><marc:subfield code="c">Baron,</marc:subfield><marc:subfield code="d">1788-1824</marc:subfield><marc:subfield code="t">Single Works. Cain. Appendix.</marc:subfield></marc:datafield><marc:datafield tag="852" ind1="4" ind2="1"><marc:subfield code="a">British Library</marc:subfield><marc:subfield code="b">HMNTS</marc:subfield><marc:subfield code="j">11601.dd.10.(6.)</marc:subfield></marc:datafield><marc:datafield tag="886" ind1="2" ind2=" "><marc:subfield code="2">blmarc</marc:subfield><marc:subfield code="a">709</marc:subfield><marc:subfield code="b">00</marc:subfield><marc:subfield code="a">BYRON</marc:subfield><marc:subfield code="h">George Gordon Noel</marc:subfield><marc:subfield code="f">Baron Byron</marc:subfield><marc:subfield code="t">Single Works</marc:subfield><marc:subfield code="t">Cain</marc:subfield><marc:subfield code="t">Appendix</marc:subfield><marc:subfield code="p">11601.dd.10.(6.)</marc:subfield><marc:subfield code="x">0494860111</marc:subfield></marc:datafield></marc:record>