
<marc:record><marc:leader>00628cam a22001813  4500</marc:leader>
<marc:controlfield tag="001">000016657</marc:controlfield>
<marc:controlfield tag="003">Uk</marc:controlfield><marc:controlfield tag="005">20120209153600.0</marc:controlfield><marc:controlfield tag="008">870814|1861|||||||    ||     ||| ||eng  </marc:controlfield><marc:datafield tag="040" ind1=" " ind2=" "><marc:subfield code="a">Uk</marc:subfield><marc:subfield code="c">Uk</marc:subfield></marc:datafield><marc:datafield tag="100" ind1="1" ind2=" "><marc:subfield code="a">ADAMS, Thomas,</marc:subfield><marc:subfield code="c">D.D., Preacher at Willington, Bedfordshire, afterwards at St. Gregory's, London.</marc:subfield></marc:datafield><marc:datafield tag="245" ind1="1" ind2="4"><marc:subfield code="a">The Works of T. Adams ... With memoir by Joseph Angus.</marc:subfield></marc:datafield><marc:datafield tag="260" ind1=" " ind2=" "><marc:subfield code="a">Edinburgh,</marc:subfield><marc:subfield code="c">1861-62.</marc:subfield></marc:datafield><marc:datafield tag="300" ind1=" " ind2=" "><marc:subfield code="a">3 vol. ;</marc:subfield><marc:subfield code="c">8º.</marc:subfield></marc:datafield><marc:datafield tag="490" ind1="0" ind2=" "><marc:subfield code="a">[Nichol's Series of Standard Divines.]</marc:subfield></marc:datafield><marc:datafield tag="700" ind1="1" ind2=" "><marc:subfield code="a">ANGUS, Joseph.</marc:subfield></marc:datafield><marc:datafield tag="852" ind1="4" ind2="1"><marc:subfield code="a">British Library</marc:subfield><marc:subfield code="b">HMNTS</marc:subfield><marc:subfield code="j">3751.bb.1.</marc:subfield></marc:datafield><marc:datafield tag="886" ind1="2" ind2=" "><marc:subfield code="2">blmarc</marc:subfield><marc:subfield code="a">709</marc:subfield><marc:subfield code="b">00</marc:subfield><marc:subfield code="a">ANGUS</marc:subfield><marc:subfield code="h">Joseph</marc:subfield><marc:subfield code="p">3751.bb.1.</marc:subfield><marc:subfield code="x">0084830085</marc:subfield></marc:datafield></marc:record>