
<marc:record><marc:leader>00845cam a22001693  4500</marc:leader>
<marc:controlfield tag="001">000016658</marc:controlfield>
<marc:controlfield tag="003">Uk</marc:controlfield><marc:controlfield tag="005">20130522192300.0</marc:controlfield><marc:controlfield tag="008">870814|1847||||enk    ||     ||| ||eng  </marc:controlfield><marc:datafield tag="040" ind1=" " ind2=" "><marc:subfield code="a">Uk</marc:subfield><marc:subfield code="c">Uk</marc:subfield></marc:datafield><marc:datafield tag="100" ind1="1" ind2=" "><marc:subfield code="a">ADAMS, Thomas,</marc:subfield><marc:subfield code="c">D.D., Preacher at Willington, Bedfordshire, afterwards at St. Gregory's, London.</marc:subfield></marc:datafield><marc:datafield tag="245" ind1="1" ind2="4"><marc:subfield code="a">The Three Divine Sisters, Faith, Hope, and Charity. The Leaven; or a direction to heaven. A Crucifix; or a Sermon upon the Passion. Semper Idem; or the immutable mercy of Jesus Christ [and other works] ... With an introduction by the Rev. Hugh Stowell [or rather by William Hendry Stowell.]</marc:subfield></marc:datafield><marc:datafield tag="260" ind1=" " ind2=" "><marc:subfield code="a">London :</marc:subfield><marc:subfield code="b">Thomas Nelson,</marc:subfield><marc:subfield code="c">1847.</marc:subfield></marc:datafield><marc:datafield tag="300" ind1=" " ind2=" "><marc:subfield code="a">lxiii, 284 p. ;</marc:subfield><marc:subfield code="c">8º.</marc:subfield></marc:datafield><marc:datafield tag="700" ind1="1" ind2=" "><marc:subfield code="a">STOWELL, William Hendry.</marc:subfield></marc:datafield><marc:datafield tag="852" ind1="4" ind2="1"><marc:subfield code="a">British Library</marc:subfield><marc:subfield code="b">HMNTS</marc:subfield><marc:subfield code="j">3752.a.1.</marc:subfield></marc:datafield><marc:datafield tag="886" ind1="2" ind2=" "><marc:subfield code="2">blmarc</marc:subfield><marc:subfield code="a">709</marc:subfield><marc:subfield code="b">00</marc:subfield><marc:subfield code="a">STOWELL</marc:subfield><marc:subfield code="h">William Hendry</marc:subfield><marc:subfield code="p">3752.a.1.</marc:subfield><marc:subfield code="x">3150970040</marc:subfield></marc:datafield></marc:record>