
<marc:record><marc:leader>00484 am a22001333  4500</marc:leader>
<marc:controlfield tag="001">000016668</marc:controlfield>
<marc:controlfield tag="003">Uk</marc:controlfield><marc:controlfield tag="005">20091125221800.0</marc:controlfield><marc:controlfield tag="008">870814|1857|||||||    ||     ||| |||||  </marc:controlfield><marc:datafield tag="040" ind1=" " ind2=" "><marc:subfield code="a">Uk</marc:subfield><marc:subfield code="c">Uk</marc:subfield></marc:datafield><marc:datafield tag="100" ind1="1" ind2=" "><marc:subfield code="a">ADAMS, Thomas,</marc:subfield><marc:subfield code="c">D.D., Preacher at Willington, Bedfordshire, afterwards at St. Gregory's, London.</marc:subfield></marc:datafield><marc:datafield tag="245" ind1="1" ind2="0"><marc:subfield code="a">Faith, Hope, and Charity. [A sermon.]</marc:subfield></marc:datafield><marc:datafield tag="580" ind1=" " ind2=" "><marc:subfield code="a">In : Fish (H. C.) History and Repository of Pulpit Eloquence. vol. 1. 1857. 8º.</marc:subfield></marc:datafield><marc:datafield tag="852" ind1="4" ind2="1"><marc:subfield code="a">British Library</marc:subfield><marc:subfield code="b">HMNTS</marc:subfield><marc:subfield code="j">D-4426.g.2.</marc:subfield></marc:datafield></marc:record>