
<marc:record><marc:leader>00740cam a22001693  4500</marc:leader>
<marc:controlfield tag="001">000016685</marc:controlfield>
<marc:controlfield tag="003">Uk</marc:controlfield><marc:controlfield tag="005">20101223154100.0</marc:controlfield><marc:controlfield tag="008">870814|1811|||||||    ||     ||| ||eng  </marc:controlfield><marc:datafield tag="040" ind1=" " ind2=" "><marc:subfield code="a">Uk</marc:subfield><marc:subfield code="c">Uk</marc:subfield></marc:datafield><marc:datafield tag="100" ind1="1" ind2=" "><marc:subfield code="a">ADAMS, Thomas,</marc:subfield><marc:subfield code="c">of Warkworth.</marc:subfield></marc:datafield><marc:datafield tag="245" ind1="1" ind2="4"><marc:subfield code="a">The Poetical Works of T. Adams ... Consisting of the Battle of Trafalgar, and some miscellaneous poems. [With vignettes by Thomas Bewick.]</marc:subfield></marc:datafield><marc:datafield tag="260" ind1=" " ind2=" "><marc:subfield code="a">Alnwick :</marc:subfield><marc:subfield code="b">W. Davison,</marc:subfield><marc:subfield code="c">1811.</marc:subfield></marc:datafield><marc:datafield tag="300" ind1=" " ind2=" "><marc:subfield code="a">208 p. ;</marc:subfield><marc:subfield code="c">8º.</marc:subfield></marc:datafield><marc:datafield tag="700" ind1="1" ind2=" "><marc:subfield code="a">Bewick, Thomas,</marc:subfield><marc:subfield code="d">1753-1828.</marc:subfield><marc:subfield code="t">Works written and works containing illustrations by T. Bewick.</marc:subfield></marc:datafield><marc:datafield tag="852" ind1="4" ind2="1"><marc:subfield code="a">British Library</marc:subfield><marc:subfield code="b">HMNTS</marc:subfield><marc:subfield code="j">11612.b.1.</marc:subfield></marc:datafield><marc:datafield tag="886" ind1="2" ind2=" "><marc:subfield code="2">blmarc</marc:subfield><marc:subfield code="a">709</marc:subfield><marc:subfield code="b">00</marc:subfield><marc:subfield code="a">BEWICK</marc:subfield><marc:subfield code="h">Thomas</marc:subfield><marc:subfield code="t">Works written and works containing illustrations by T. Bewick</marc:subfield><marc:subfield code="p">11612.b.1.</marc:subfield><marc:subfield code="x">0281300186</marc:subfield></marc:datafield></marc:record>