
<marc:record><marc:leader>00696cam a22001573  4500</marc:leader>
<marc:controlfield tag="001">000016767</marc:controlfield>
<marc:controlfield tag="003">Uk</marc:controlfield><marc:controlfield tag="005">20120203162600.0</marc:controlfield><marc:controlfield tag="008">870814|1866|||||||    ||     ||| |||||  </marc:controlfield><marc:datafield tag="040" ind1=" " ind2=" "><marc:subfield code="a">Uk</marc:subfield><marc:subfield code="c">Uk</marc:subfield></marc:datafield><marc:datafield tag="100" ind1="1" ind2=" "><marc:subfield code="a">ADAMS, Walter Marsham.</marc:subfield></marc:datafield><marc:datafield tag="245" ind1="1" ind2="0"><marc:subfield code="a">Outlines of Geometry; or, the motion of a point. An introductory treatise on the difficulties of elementary geometry, etc.</marc:subfield></marc:datafield><marc:datafield tag="260" ind1=" " ind2=" "><marc:subfield code="a">Melbourne :</marc:subfield><marc:subfield code="b">Samuel Mullen,</marc:subfield><marc:subfield code="c">1866.</marc:subfield></marc:datafield><marc:datafield tag="300" ind1=" " ind2=" "><marc:subfield code="a">vii, 96 p. ;</marc:subfield><marc:subfield code="c">8º.</marc:subfield></marc:datafield><marc:datafield tag="787" ind1="0" ind2=" "><marc:subfield code="t">[Outlines of Geometry; or, the motion of a point. An introductory treatise on the difficulties of elementary geometry, etc.]</marc:subfield><marc:subfield code="d">pp. vii. 96. Longmans &amp; Co.: London, 1869. 8º.</marc:subfield><marc:subfield code="w">(Uk)MP1.0000018997.1</marc:subfield></marc:datafield><marc:datafield tag="852" ind1="4" ind2="1"><marc:subfield code="a">British Library</marc:subfield><marc:subfield code="b">HMNTS</marc:subfield><marc:subfield code="j">8529.bb.27.</marc:subfield></marc:datafield></marc:record>