
<marc:record><marc:leader>01091cam a2200229   4500</marc:leader>
<marc:controlfield tag="001">000016827</marc:controlfield>
<marc:controlfield tag="003">Uk</marc:controlfield><marc:controlfield tag="005">20101130131120.0</marc:controlfield><marc:controlfield tag="008">870814s1866    enkaf         001 0 eng  </marc:controlfield><marc:datafield tag="040" ind1=" " ind2=" "><marc:subfield code="a">Uk</marc:subfield><marc:subfield code="c">Uk</marc:subfield></marc:datafield><marc:datafield tag="100" ind1="1" ind2=" "><marc:subfield code="a">ADAMS, William,</marc:subfield><marc:subfield code="c">F.R.C.S.</marc:subfield></marc:datafield><marc:datafield tag="245" ind1="1" ind2="0"><marc:subfield code="a">Club-Foot: its causes, pathology, and treatment.</marc:subfield><marc:subfield code="b">Being the essay to which the Jacksonian Prize for 1864, given by the Royal College of Surgeons, was awarded.</marc:subfield><marc:subfield code="c">By William Adams ... With one hundred illustrations on wood and stone.</marc:subfield></marc:datafield><marc:datafield tag="260" ind1=" " ind2=" "><marc:subfield code="a">London:</marc:subfield><marc:subfield code="b">John Churchill and Sons ...,</marc:subfield><marc:subfield code="c">1866</marc:subfield><marc:subfield code="f">(printed by A. Schulze)</marc:subfield></marc:datafield><marc:datafield tag="300" ind1=" " ind2=" "><marc:subfield code="a">xvi, [1], 422 p., [1] leaf of plates;</marc:subfield><marc:subfield code="b">ill.;</marc:subfield><marc:subfield code="c">23 cm. (8º)</marc:subfield></marc:datafield><marc:datafield tag="500" ind1=" " ind2=" "><marc:subfield code="a">Printer's name from colophon.</marc:subfield></marc:datafield><marc:datafield tag="500" ind1=" " ind2=" "><marc:subfield code="a">With half-title and errata.</marc:subfield></marc:datafield><marc:datafield tag="500" ind1=" " ind2=" "><marc:subfield code="a">Includes index.</marc:subfield></marc:datafield><marc:datafield tag="500" ind1=" " ind2=" "><marc:subfield code="a">Microfilm. Made from a copy in the Bodleian Library.</marc:subfield></marc:datafield><marc:datafield tag="650" ind1=" " ind2="0"><marc:subfield code="a">Clubfoot</marc:subfield></marc:datafield><marc:datafield tag="775" ind1="0" ind2=" "><marc:subfield code="t">[Club-Foot: its causes, pathology, and treatment, etc.]</marc:subfield><marc:subfield code="w">(Uk)MP1.0000019039.1</marc:subfield><marc:subfield code="d">pp. xviii. 464. J. &amp; A. Churchill: London, 1873. 8º.</marc:subfield></marc:datafield><marc:datafield tag="852" ind1="4" ind2="1"><marc:subfield code="a">British Library</marc:subfield><marc:subfield code="b">HMNTS</marc:subfield><marc:subfield code="j">RB.23.a.34880</marc:subfield></marc:datafield><marc:datafield tag="852" ind1="4" ind2="1"><marc:subfield code="a">British Library</marc:subfield><marc:subfield code="b">HMNTS</marc:subfield><marc:subfield code="j">MIC.A.6552.(3)</marc:subfield></marc:datafield></marc:record>