
<marc:record><marc:leader>00892cam a22001693  4500</marc:leader>
<marc:controlfield tag="001">000016833</marc:controlfield>
<marc:controlfield tag="003">Uk</marc:controlfield><marc:controlfield tag="005">20130708175200.0</marc:controlfield><marc:controlfield tag="008">870814|1892||||enk    ||     ||| |||||  </marc:controlfield><marc:datafield tag="040" ind1=" " ind2=" "><marc:subfield code="a">Uk</marc:subfield><marc:subfield code="c">Uk</marc:subfield></marc:datafield><marc:datafield tag="100" ind1="1" ind2=" "><marc:subfield code="a">ADAMS, William,</marc:subfield><marc:subfield code="c">F.R.C.S.</marc:subfield></marc:datafield><marc:datafield tag="245" ind1="1" ind2="0"><marc:subfield code="a">[Observations on Contraction of the Fingers ... and its successful treatment ... Also on the obliteration of depressed cicatrices ... by a subcutaneous operation ... With ... plates and ... engravings.]</marc:subfield></marc:datafield><marc:datafield tag="250" ind1=" " ind2=" "><marc:subfield code="a">Second edition.</marc:subfield></marc:datafield><marc:datafield tag="260" ind1=" " ind2=" "><marc:subfield code="a">London :</marc:subfield><marc:subfield code="b">J. &amp; A. Churchill,</marc:subfield><marc:subfield code="c">1892.</marc:subfield></marc:datafield><marc:datafield tag="300" ind1=" " ind2=" "><marc:subfield code="a">xx, 154 p. ;</marc:subfield><marc:subfield code="c">8º.</marc:subfield></marc:datafield><marc:datafield tag="787" ind1="0" ind2=" "><marc:subfield code="t">Observations on Contraction of the Fingers ... and its successful treatment ... Also on the obliteration of depressed cicatrices ... by a subcutaneous operation ... With ... plates and ... engravings.</marc:subfield><marc:subfield code="d">pp. vii. vi. 80. J. &amp; A. Churchill: London, 1879. 8º.</marc:subfield><marc:subfield code="w">(Uk)MP1.0000019042</marc:subfield></marc:datafield><marc:datafield tag="852" ind1="4" ind2="1"><marc:subfield code="a">British Library</marc:subfield><marc:subfield code="b">HMNTS</marc:subfield><marc:subfield code="j">7482.g.18.</marc:subfield></marc:datafield></marc:record>