
<marc:record><marc:leader>00982cam a22001693  4500</marc:leader>
<marc:controlfield tag="001">000016838</marc:controlfield>
<marc:controlfield tag="003">Uk</marc:controlfield><marc:controlfield tag="005">20130520180000.0</marc:controlfield><marc:controlfield tag="008">870814|1855||||enk    ||     ||| |||||  </marc:controlfield><marc:datafield tag="040" ind1=" " ind2=" "><marc:subfield code="a">Uk</marc:subfield><marc:subfield code="c">Uk</marc:subfield></marc:datafield><marc:datafield tag="100" ind1="1" ind2=" "><marc:subfield code="a">ADAMS, William,</marc:subfield><marc:subfield code="c">M.A., Fellow of Merton College, Oxford.</marc:subfield></marc:datafield><marc:datafield tag="245" ind1="1" ind2="0"><marc:subfield code="a">Sacred Allegories. The Shadow of the Cross. The Distant Hills. The Old Mans Home. The King's Messengers ... Third edition. [With a portrait.]</marc:subfield></marc:datafield><marc:datafield tag="260" ind1=" " ind2=" "><marc:subfield code="a">London :</marc:subfield><marc:subfield code="b">Rivingtons,</marc:subfield><marc:subfield code="c">1855.</marc:subfield></marc:datafield><marc:datafield tag="300" ind1=" " ind2=" "><marc:subfield code="a">xviii, 385 p. ;</marc:subfield><marc:subfield code="c">8º.</marc:subfield></marc:datafield><marc:datafield tag="775" ind1="0" ind2=" "><marc:subfield code="t">[Sacred Allegories. The Shadow of the Cross. The Distant Hills. The Old Mans Home. The King's Messengers ... Third edition. [With a portrait.]]</marc:subfield><marc:subfield code="d">pp. vi. 294. Rivingtons: London, 1856. 4º.</marc:subfield><marc:subfield code="w">(Uk)MP1.0000019047.1</marc:subfield></marc:datafield><marc:datafield tag="775" ind1="0" ind2=" "><marc:subfield code="t">[Sacred Allegories. The Shadow of the Cross. The Distant Hills. The Old Mans Home. The King's Messengers ... Third edition. [With a portrait.]]</marc:subfield><marc:subfield code="d">pp. 383. Rivingtons: London, 1860. 8º.</marc:subfield><marc:subfield code="w">(Uk)MP1.0000019047.2</marc:subfield></marc:datafield><marc:datafield tag="852" ind1="4" ind2="1"><marc:subfield code="a">British Library</marc:subfield><marc:subfield code="b">HMNTS</marc:subfield><marc:subfield code="j">1509/364.</marc:subfield></marc:datafield></marc:record>