
<marc:record><marc:leader>01415 am a22002413  4500</marc:leader>
<marc:controlfield tag="001">000016841</marc:controlfield>
<marc:controlfield tag="003">Uk</marc:controlfield><marc:controlfield tag="005">20091223214900.0</marc:controlfield><marc:controlfield tag="008">971001|1864|||||||    ||     ||| |||||  </marc:controlfield><marc:datafield tag="040" ind1=" " ind2=" "><marc:subfield code="a">Uk</marc:subfield><marc:subfield code="c">Uk</marc:subfield></marc:datafield><marc:datafield tag="100" ind1="1" ind2=" "><marc:subfield code="a">ADAMS, William,</marc:subfield><marc:subfield code="c">M.A., Fellow of Merton College, Oxford.</marc:subfield></marc:datafield><marc:datafield tag="245" ind1="1" ind2="0"><marc:subfield code="a">Sacred Allegories. [With a memoir of the author.]</marc:subfield></marc:datafield><marc:datafield tag="260" ind1=" " ind2=" "><marc:subfield code="a">Leipzig :</marc:subfield><marc:subfield code="b">Bernhard Tauchnitz,</marc:subfield><marc:subfield code="c">1864.</marc:subfield></marc:datafield><marc:datafield tag="300" ind1=" " ind2=" "><marc:subfield code="a">282 p. ;</marc:subfield><marc:subfield code="c">16º.</marc:subfield></marc:datafield><marc:datafield tag="490" ind1="0" ind2=" "><marc:subfield code="a">[Collection of British Authors. vol. 734.]</marc:subfield></marc:datafield><marc:datafield tag="775" ind1="0" ind2=" "><marc:subfield code="t">[Sacred Allegories. [With a memoir of the author.]]</marc:subfield><marc:subfield code="d">pp. 296. Rivingtons: London, 1869. 4º.</marc:subfield><marc:subfield code="w">(Uk)MP1.0000019048.1</marc:subfield></marc:datafield><marc:datafield tag="775" ind1="0" ind2=" "><marc:subfield code="t">[Sacred Allegories. [With a memoir of the author.]]</marc:subfield><marc:subfield code="d">Rivingtons: London, 1872. 8º.</marc:subfield><marc:subfield code="w">(Uk)MP1.0000019048.2</marc:subfield></marc:datafield><marc:datafield tag="775" ind1="0" ind2=" "><marc:subfield code="t">[Sacred Allegories. [With a memoir of the author.]]</marc:subfield><marc:subfield code="d">Rivingtons: London, 1876. 8º.</marc:subfield><marc:subfield code="w">(Uk)MP1.0000019048.3</marc:subfield></marc:datafield><marc:datafield tag="775" ind1="0" ind2=" "><marc:subfield code="t">[Sacred Allegories. [With a memoir of the author.]]</marc:subfield><marc:subfield code="d">Rivingtons: London, 1880. 8º.</marc:subfield><marc:subfield code="w">(Uk)MP1.0000019048.4</marc:subfield></marc:datafield><marc:datafield tag="775" ind1="0" ind2=" "><marc:subfield code="t">[Sacred Allegories. [With a memoir of the author.]]</marc:subfield><marc:subfield code="d">pp. xii. 287. Rivingtons: London, 1882. 4º.</marc:subfield><marc:subfield code="w">(Uk)MP1.0000019048.5</marc:subfield></marc:datafield><marc:datafield tag="775" ind1="0" ind2=" "><marc:subfield code="t">[Sacred Allegories. [With a memoir of the author.]]</marc:subfield><marc:subfield code="d">pp. xi. 299. Rivingtons: London, 1885. 8º.</marc:subfield><marc:subfield code="w">(Uk)MP1.0000019048.6</marc:subfield></marc:datafield><marc:datafield tag="787" ind1="0" ind2=" "><marc:subfield code="t">[Sacred Allegories. [With a memoir of the author.]]</marc:subfield><marc:subfield code="d">London: Longmans, Green &amp; Co., 1903. pp. xi, 299.</marc:subfield><marc:subfield code="w">(Uk)MP1.0000019048.7</marc:subfield></marc:datafield><marc:datafield tag="852" ind1="4" ind2="1"><marc:subfield code="a">British Library</marc:subfield><marc:subfield code="b">HMNTS</marc:subfield><marc:subfield code="j">12267.a.1/21.</marc:subfield></marc:datafield></marc:record>