
<marc:record><marc:leader>01017cam a22002173  4500</marc:leader>
<marc:controlfield tag="001">000016855</marc:controlfield>
<marc:controlfield tag="003">Uk</marc:controlfield><marc:controlfield tag="005">20130520180000.0</marc:controlfield><marc:controlfield tag="008">870814|1844||||enk    ||     ||| ||eng  </marc:controlfield><marc:datafield tag="040" ind1=" " ind2=" "><marc:subfield code="a">Uk</marc:subfield><marc:subfield code="c">Uk</marc:subfield></marc:datafield><marc:datafield tag="100" ind1="1" ind2=" "><marc:subfield code="a">ADAMS, William,</marc:subfield><marc:subfield code="c">M.A., Fellow of Merton College, Oxford.</marc:subfield></marc:datafield><marc:datafield tag="245" ind1="1" ind2="4"><marc:subfield code="a">The Distant Hills.</marc:subfield></marc:datafield><marc:datafield tag="260" ind1=" " ind2=" "><marc:subfield code="a">London :</marc:subfield><marc:subfield code="b">J. G. F. &amp; J. Rivington,</marc:subfield><marc:subfield code="c">1844.</marc:subfield></marc:datafield><marc:datafield tag="300" ind1=" " ind2=" "><marc:subfield code="a">123 p. ;</marc:subfield><marc:subfield code="c">12º.</marc:subfield></marc:datafield><marc:datafield tag="775" ind1="0" ind2=" "><marc:subfield code="t">[The Distant Hills.]</marc:subfield><marc:subfield code="d">pp. 92. Rivingtons: London, 1860. 8º.</marc:subfield><marc:subfield code="w">(Uk)MP1.0000019055.1</marc:subfield></marc:datafield><marc:datafield tag="775" ind1="0" ind2=" "><marc:subfield code="t">[The Distant Hills.]</marc:subfield><marc:subfield code="d">pp. 102. Rivingtons: London, 1863. 12º.</marc:subfield><marc:subfield code="w">(Uk)MP1.0000019055.2</marc:subfield></marc:datafield><marc:datafield tag="775" ind1="0" ind2=" "><marc:subfield code="t">[The Distant Hills.]</marc:subfield><marc:subfield code="d">pp. 88. Rivingtons: London, 1874. 8º.</marc:subfield><marc:subfield code="w">(Uk)MP1.0000019055.3</marc:subfield></marc:datafield><marc:datafield tag="775" ind1="0" ind2=" "><marc:subfield code="t">[The Distant Hills.]</marc:subfield><marc:subfield code="d">pp. 179. Rivingtons: London, 1882. 32º.</marc:subfield><marc:subfield code="w">(Uk)MP1.0000019055.4</marc:subfield></marc:datafield><marc:datafield tag="775" ind1="0" ind2=" "><marc:subfield code="t">[The Distant Hills.]</marc:subfield><marc:subfield code="d">pp. 179. Rivingtons: London, 1883. 32º.</marc:subfield><marc:subfield code="w">(Uk)MP1.0000019055.5</marc:subfield></marc:datafield><marc:datafield tag="775" ind1="0" ind2=" "><marc:subfield code="t">[The Distant Hills.]</marc:subfield><marc:subfield code="d">pp. 88. Rivingtons: London, 1885. 8º.</marc:subfield><marc:subfield code="w">(Uk)MP1.0000019055.6</marc:subfield></marc:datafield><marc:datafield tag="852" ind1="4" ind2="1"><marc:subfield code="a">British Library</marc:subfield><marc:subfield code="b">HMNTS</marc:subfield><marc:subfield code="j">1362.e.21.</marc:subfield></marc:datafield></marc:record>