
<marc:record><marc:leader>01044cam a22002053  4500</marc:leader>
<marc:controlfield tag="001">000016866</marc:controlfield>
<marc:controlfield tag="003">Uk</marc:controlfield><marc:controlfield tag="005">20130520180000.0</marc:controlfield><marc:controlfield tag="008">870814|1852||||enk    ||     ||| ||eng  </marc:controlfield><marc:datafield tag="040" ind1=" " ind2=" "><marc:subfield code="a">Uk</marc:subfield><marc:subfield code="c">Uk</marc:subfield></marc:datafield><marc:datafield tag="100" ind1="1" ind2=" "><marc:subfield code="a">ADAMS, William,</marc:subfield><marc:subfield code="c">M.A., Fellow of Merton College, Oxford.</marc:subfield></marc:datafield><marc:datafield tag="245" ind1="1" ind2="4"><marc:subfield code="a">The King's Messengers ... Fifth edition.</marc:subfield></marc:datafield><marc:datafield tag="260" ind1=" " ind2=" "><marc:subfield code="a">London :</marc:subfield><marc:subfield code="b">F. &amp; J. Rivington,</marc:subfield><marc:subfield code="c">1852.</marc:subfield></marc:datafield><marc:datafield tag="300" ind1=" " ind2=" "><marc:subfield code="a">76 p. ;</marc:subfield><marc:subfield code="c">8º.</marc:subfield></marc:datafield><marc:datafield tag="775" ind1="0" ind2=" "><marc:subfield code="t">[The King's Messengers ... Fifth edition.]</marc:subfield><marc:subfield code="d">pp. 96. Rivingtons: London, 1863. 12º.</marc:subfield><marc:subfield code="w">(Uk)MP1.0000019060.1</marc:subfield></marc:datafield><marc:datafield tag="775" ind1="0" ind2=" "><marc:subfield code="t">[The King's Messengers ... Fifth edition.]</marc:subfield><marc:subfield code="d">pp. 93. Rivingtons: London, 1870. 8º.</marc:subfield><marc:subfield code="w">(Uk)MP1.0000019060.2</marc:subfield></marc:datafield><marc:datafield tag="775" ind1="0" ind2=" "><marc:subfield code="t">[The King's Messengers ... Fifth edition.]</marc:subfield><marc:subfield code="d">pp. 87. Rivingtons: London, 1874. 16º.</marc:subfield><marc:subfield code="w">(Uk)MP1.0000019060.3</marc:subfield></marc:datafield><marc:datafield tag="775" ind1="0" ind2=" "><marc:subfield code="t">[The King's Messengers ... Fifth edition.]</marc:subfield><marc:subfield code="d">pp. 168. Rivingtons: London, 1882. 32º.</marc:subfield><marc:subfield code="w">(Uk)MP1.0000019060.4</marc:subfield></marc:datafield><marc:datafield tag="775" ind1="0" ind2=" "><marc:subfield code="t">[The King's Messengers ... Fifth edition.]</marc:subfield><marc:subfield code="d">pp. 168. Rivingtons: London, 1883. 32º.</marc:subfield><marc:subfield code="w">(Uk)MP1.0000019060.5</marc:subfield></marc:datafield><marc:datafield tag="852" ind1="4" ind2="1"><marc:subfield code="a">British Library</marc:subfield><marc:subfield code="b">HMNTS</marc:subfield><marc:subfield code="j">D-4422.cc.27</marc:subfield></marc:datafield></marc:record>