
<marc:record><marc:leader>00587cam a22001693  4500</marc:leader>
<marc:controlfield tag="001">000016869</marc:controlfield>
<marc:controlfield tag="003">Uk</marc:controlfield><marc:controlfield tag="005">20130520180000.0</marc:controlfield><marc:controlfield tag="008">870814|1874||||enk    ||     ||| |||||  </marc:controlfield><marc:datafield tag="040" ind1=" " ind2=" "><marc:subfield code="a">Uk</marc:subfield><marc:subfield code="c">Uk</marc:subfield></marc:datafield><marc:datafield tag="100" ind1="1" ind2=" "><marc:subfield code="a">ADAMS, William,</marc:subfield><marc:subfield code="c">M.A., Fellow of Merton College, Oxford.</marc:subfield></marc:datafield><marc:datafield tag="245" ind1="1" ind2="5"><marc:subfield code="a">[The King's Messengers ... Fifth edition.]</marc:subfield></marc:datafield><marc:datafield tag="250" ind1=" " ind2=" "><marc:subfield code="a">New edition, etc.</marc:subfield></marc:datafield><marc:datafield tag="260" ind1=" " ind2=" "><marc:subfield code="a">London :</marc:subfield><marc:subfield code="b">Rivingtons,</marc:subfield><marc:subfield code="c">1874.</marc:subfield></marc:datafield><marc:datafield tag="300" ind1=" " ind2=" "><marc:subfield code="a">87 p. ;</marc:subfield><marc:subfield code="c">16º.</marc:subfield></marc:datafield><marc:datafield tag="787" ind1="0" ind2=" "><marc:subfield code="t">The King's Messengers ... Fifth edition.</marc:subfield><marc:subfield code="d">pp. 76. F. &amp; J. Rivington: London, 1852. 8º.</marc:subfield><marc:subfield code="w">(Uk)MP1.0000019060</marc:subfield></marc:datafield><marc:datafield tag="852" ind1="4" ind2="1"><marc:subfield code="a">British Library</marc:subfield><marc:subfield code="b">HMNTS</marc:subfield><marc:subfield code="j">D-4417.aa.6.</marc:subfield></marc:datafield></marc:record>