
<marc:record><marc:leader>01157cam a22002293  4500</marc:leader>
<marc:controlfield tag="001">000016882</marc:controlfield>
<marc:controlfield tag="003">Uk</marc:controlfield><marc:controlfield tag="005">20130502171500.0</marc:controlfield><marc:controlfield tag="008">870814|1842||||enk    ||     ||| ||eng  </marc:controlfield><marc:datafield tag="040" ind1=" " ind2=" "><marc:subfield code="a">Uk</marc:subfield><marc:subfield code="c">Uk</marc:subfield></marc:datafield><marc:datafield tag="100" ind1="1" ind2=" "><marc:subfield code="a">ADAMS, William,</marc:subfield><marc:subfield code="c">M.A., Fellow of Merton College, Oxford.</marc:subfield></marc:datafield><marc:datafield tag="245" ind1="1" ind2="4"><marc:subfield code="a">The Shadow of the Cross.</marc:subfield></marc:datafield><marc:datafield tag="260" ind1=" " ind2=" "><marc:subfield code="a">London :</marc:subfield><marc:subfield code="b">S.P.C.K.,</marc:subfield><marc:subfield code="c">1842.</marc:subfield></marc:datafield><marc:datafield tag="300" ind1=" " ind2=" "><marc:subfield code="a">103 p. ;</marc:subfield><marc:subfield code="c">12º.</marc:subfield></marc:datafield><marc:datafield tag="775" ind1="0" ind2=" "><marc:subfield code="t">[The Shadow of the Cross.]</marc:subfield><marc:subfield code="d">pp. 76. F. &amp; J. Rivington: London, 1849. 12º.</marc:subfield><marc:subfield code="w">(Uk)MP1.0000019065.1</marc:subfield></marc:datafield><marc:datafield tag="775" ind1="0" ind2=" "><marc:subfield code="t">[The Shadow of the Cross.]</marc:subfield><marc:subfield code="d">pp. 89. Rivingtons: London, 1863. 12º.</marc:subfield><marc:subfield code="w">(Uk)MP1.0000019065.2</marc:subfield></marc:datafield><marc:datafield tag="775" ind1="0" ind2=" "><marc:subfield code="t">[The Shadow of the Cross.]</marc:subfield><marc:subfield code="d">pp. 84. Rivingtons: London, 1870. 8º.</marc:subfield><marc:subfield code="w">(Uk)MP1.0000019065.3</marc:subfield></marc:datafield><marc:datafield tag="775" ind1="0" ind2=" "><marc:subfield code="t">[The Shadow of the Cross.]</marc:subfield><marc:subfield code="d">pp. 79. Rivingtons: London, 1874. 16º.</marc:subfield><marc:subfield code="w">(Uk)MP1.0000019065.4</marc:subfield></marc:datafield><marc:datafield tag="775" ind1="0" ind2=" "><marc:subfield code="t">[The Shadow of the Cross.]</marc:subfield><marc:subfield code="d">pp. 79. Rivingtons: London, 1880. 8º.</marc:subfield><marc:subfield code="w">(Uk)MP1.0000019065.5</marc:subfield></marc:datafield><marc:datafield tag="775" ind1="0" ind2=" "><marc:subfield code="t">[The Shadow of the Cross.]</marc:subfield><marc:subfield code="d">pp. 156. Rivingtons: London, 1882. 32º.</marc:subfield><marc:subfield code="w">(Uk)MP1.0000019065.6</marc:subfield></marc:datafield><marc:datafield tag="775" ind1="0" ind2=" "><marc:subfield code="t">[The Shadow of the Cross.]</marc:subfield><marc:subfield code="d">pp. 156. Rivingtons: London, 1884. 32º.</marc:subfield><marc:subfield code="w">(Uk)MP1.0000019065.7</marc:subfield></marc:datafield><marc:datafield tag="852" ind1="4" ind2="1"><marc:subfield code="a">British Library</marc:subfield><marc:subfield code="b">HMNTS</marc:subfield><marc:subfield code="j">1361.g.18.</marc:subfield></marc:datafield></marc:record>