
<marc:record><marc:leader>00931cam a22001693  4500</marc:leader>
<marc:controlfield tag="001">000016892</marc:controlfield>
<marc:controlfield tag="003">Uk</marc:controlfield><marc:controlfield tag="005">20130520180000.0</marc:controlfield><marc:controlfield tag="008">870814|1847||||enk    ||     ||| |||||  </marc:controlfield><marc:datafield tag="040" ind1=" " ind2=" "><marc:subfield code="a">Uk</marc:subfield><marc:subfield code="c">Uk</marc:subfield></marc:datafield><marc:datafield tag="100" ind1="1" ind2=" "><marc:subfield code="a">ADAMS, William,</marc:subfield><marc:subfield code="c">M.A., Fellow of Merton College, Oxford.</marc:subfield></marc:datafield><marc:datafield tag="245" ind1="1" ind2="0"><marc:subfield code="a">Warnings of the Holy Week ... Being a course of parochial lectures for the week before Easter and the Easter Festivals.</marc:subfield></marc:datafield><marc:datafield tag="260" ind1=" " ind2=" "><marc:subfield code="a">London :</marc:subfield><marc:subfield code="b">F. &amp; J. Rivington,</marc:subfield><marc:subfield code="c">1847.</marc:subfield></marc:datafield><marc:datafield tag="300" ind1=" " ind2=" "><marc:subfield code="a">viii, 241 p. ;</marc:subfield><marc:subfield code="c">12º.</marc:subfield></marc:datafield><marc:datafield tag="775" ind1="0" ind2=" "><marc:subfield code="t">[Warnings of the Holy Week ... Being a course of parochial lectures for the week before Easter and the Easter Festivals.]</marc:subfield><marc:subfield code="d">pp. viii. 240. Rivingtons: London, 1872. 8º.</marc:subfield><marc:subfield code="w">(Uk)MP1.0000019068.1</marc:subfield></marc:datafield><marc:datafield tag="775" ind1="0" ind2=" "><marc:subfield code="t">[Warnings of the Holy Week ... Being a course of parochial lectures for the week before Easter and the Easter Festivals.]</marc:subfield><marc:subfield code="d">pp. viii. 240. Rivingtons: London, 1881. 8º.</marc:subfield><marc:subfield code="w">(Uk)MP1.0000019068.2</marc:subfield></marc:datafield><marc:datafield tag="852" ind1="4" ind2="1"><marc:subfield code="a">British Library</marc:subfield><marc:subfield code="b">HMNTS</marc:subfield><marc:subfield code="j">1358.b.5.</marc:subfield></marc:datafield></marc:record>