
<marc:record><marc:leader>01528cam a22001813  4500</marc:leader>
<marc:controlfield tag="001">000016921</marc:controlfield>
<marc:controlfield tag="003">Uk</marc:controlfield><marc:controlfield tag="005">20111222151700.0</marc:controlfield><marc:controlfield tag="008">870814|1818|||||||    ||     ||| |||||  </marc:controlfield><marc:datafield tag="040" ind1=" " ind2=" "><marc:subfield code="a">Uk</marc:subfield><marc:subfield code="c">Uk</marc:subfield></marc:datafield><marc:datafield tag="100" ind1="1" ind2=" "><marc:subfield code="a">ADAMS, afterwards RAWSON, William,</marc:subfield><marc:subfield code="c">Sir.</marc:subfield></marc:datafield><marc:datafield tag="240" ind1="1" ind2="0"><marc:subfield code="a">A Letter to the ... Directors of Greenwich Hospital, containing an exposure of the measures resorted to by the medical officers of the London Eye Infirmary, for the purpose of retarding the adoption and execution of plans for the extermination of the Egyptian Opthalmia from the army and from the Kingdom, etc.</marc:subfield></marc:datafield><marc:datafield tag="245" ind1="1" ind2="2"><marc:subfield code="a">A Reply ... to a recent publication ... purporting to be the &quot;Report of the Committee of the London Infirmary for Curing Diseases of the Eye.&quot;.</marc:subfield></marc:datafield><marc:datafield tag="260" ind1=" " ind2=" "><marc:subfield code="a">London :</marc:subfield><marc:subfield code="b">Baldwin, Craddock &amp; Joy,</marc:subfield><marc:subfield code="c">1818.</marc:subfield></marc:datafield><marc:datafield tag="300" ind1=" " ind2=" "><marc:subfield code="a">40 p. ;</marc:subfield><marc:subfield code="c">8º.</marc:subfield></marc:datafield><marc:datafield tag="710" ind1="2" ind2=" "><marc:subfield code="a">London Infirmary for curing Diseases of the Eye, afterwards London Ophthalmic Infirmary (LONDON).</marc:subfield><marc:subfield code="t">Report of the Committee ... occasioned by the false and calumnious statements contained in a letter addressed by Sir W. Adams to the ... Directors of Greenwich Hospital.</marc:subfield></marc:datafield><marc:datafield tag="852" ind1="4" ind2="1"><marc:subfield code="a">British Library</marc:subfield><marc:subfield code="b">HMNTS</marc:subfield><marc:subfield code="j">783.k.16.(2.)</marc:subfield></marc:datafield><marc:datafield tag="886" ind1="2" ind2=" "><marc:subfield code="2">blmarc</marc:subfield><marc:subfield code="a">709</marc:subfield><marc:subfield code="b">00</marc:subfield><marc:subfield code="a">LONDON</marc:subfield><marc:subfield code="d">III. Miscellaneous Institutions, Societies, and other Bodies</marc:subfield><marc:subfield code="d">London Infirmary for curing Diseases of the Eye, afterwards London Ophthalmic Infirmary</marc:subfield><marc:subfield code="t">Report of the Committee ... occasioned by the false and calumnious statements contained in a letter addressed by Sir W. Adams to the ... Directors of Greenwich Hospital.</marc:subfield><marc:subfield code="p">783.k.16.(2.)</marc:subfield><marc:subfield code="x">1982360097</marc:subfield></marc:datafield></marc:record>