
<marc:record><marc:leader>00943cam a22001813  4500</marc:leader>
<marc:controlfield tag="001">000016956</marc:controlfield>
<marc:controlfield tag="003">Uk</marc:controlfield><marc:controlfield tag="005">20130501182900.0</marc:controlfield><marc:controlfield tag="008">970220|1876||||enk    ||     ||| ||eng  </marc:controlfield><marc:datafield tag="040" ind1=" " ind2=" "><marc:subfield code="a">Uk</marc:subfield><marc:subfield code="c">Uk</marc:subfield></marc:datafield><marc:datafield tag="100" ind1="1" ind2=" "><marc:subfield code="a">ADAMS, William Davenport.</marc:subfield></marc:datafield><marc:datafield tag="245" ind1="1" ind2="4"><marc:subfield code="a">The Comic Poets of the Nineteenth Century. Poems ... by living writers. Selected and arranged, with notes, by W. D. Adams.</marc:subfield></marc:datafield><marc:datafield tag="260" ind1=" " ind2=" "><marc:subfield code="a">London :</marc:subfield><marc:subfield code="b">G. Routledge &amp; Sons,</marc:subfield><marc:subfield code="c">[1876]</marc:subfield></marc:datafield><marc:datafield tag="300" ind1=" " ind2=" "><marc:subfield code="a">xvi, 400 p. ;</marc:subfield><marc:subfield code="c">8º.</marc:subfield></marc:datafield><marc:datafield tag="700" ind1="1" ind2=" "><marc:subfield code="a">HAWEIS, Hugh Reginald.</marc:subfield></marc:datafield><marc:datafield tag="775" ind1="0" ind2=" "><marc:subfield code="t">[The Comic Poets of the Nineteenth Century. Poems ... by living writers. Selected and arranged, with notes, by W. D. Adams.]</marc:subfield><marc:subfield code="d">pp. xvi. 400. G. Routledge &amp; Sons: London, [1881.] 8º.</marc:subfield><marc:subfield code="w">(Uk)MP1.0000019129.1</marc:subfield></marc:datafield><marc:datafield tag="775" ind1="0" ind2=" "><marc:subfield code="t">[The Comic Poets of the Nineteenth Century. Poems ... by living writers. Selected and arranged, with notes, by W. D. Adams.]</marc:subfield><marc:subfield code="d">pp. 160. London, 1886. 8º.</marc:subfield><marc:subfield code="w">(Uk)MP1.0000019129.2</marc:subfield></marc:datafield><marc:datafield tag="852" ind1="4" ind2="1"><marc:subfield code="a">British Library</marc:subfield><marc:subfield code="b">HMNTS</marc:subfield><marc:subfield code="j">11604.bb.6.</marc:subfield></marc:datafield></marc:record>