
<marc:record><marc:leader>00669 am a22001573  4500</marc:leader>
<marc:controlfield tag="001">000016959</marc:controlfield>
<marc:controlfield tag="003">Uk</marc:controlfield><marc:controlfield tag="005">20091125221800.0</marc:controlfield><marc:controlfield tag="008">870814|1878|||||||    ||     ||| |||||  </marc:controlfield><marc:datafield tag="040" ind1=" " ind2=" "><marc:subfield code="a">Uk</marc:subfield><marc:subfield code="c">Uk</marc:subfield></marc:datafield><marc:datafield tag="100" ind1="1" ind2=" "><marc:subfield code="a">ADAMS, William Davenport.</marc:subfield></marc:datafield><marc:datafield tag="245" ind1="1" ind2="0"><marc:subfield code="a">Dictionary of English Literature, being a comprehensive guide to English authors and their works.</marc:subfield></marc:datafield><marc:datafield tag="260" ind1=" " ind2=" "><marc:subfield code="a">pp. iv. 708. Cassell, Petter &amp; Galpin: London, [1878.]</marc:subfield></marc:datafield><marc:datafield tag="300" ind1=" " ind2=" "><marc:subfield code="a">4º.</marc:subfield></marc:datafield><marc:datafield tag="775" ind1="0" ind2=" "><marc:subfield code="t">[Dictionary of English Literature, being a comprehensive guide to English authors and their works.]</marc:subfield><marc:subfield code="d">pp. iv. 708. Cassell, Petter &amp; Galpin: London, [1879-80.] 4º.</marc:subfield><marc:subfield code="w">(Uk)MP1.0000019130.1</marc:subfield></marc:datafield><marc:datafield tag="852" ind1="4" ind2="1"><marc:subfield code="a">British Library</marc:subfield><marc:subfield code="b">HMNTS</marc:subfield><marc:subfield code="j">11840.r.8.</marc:subfield></marc:datafield></marc:record>