
<marc:record><marc:leader>01041cam a22002053  4500</marc:leader>
<marc:controlfield tag="001">000016964</marc:controlfield>
<marc:controlfield tag="003">Uk</marc:controlfield><marc:controlfield tag="005">20130503191800.0</marc:controlfield><marc:controlfield tag="008">870814|1878||||enk    ||     ||| |||||  </marc:controlfield><marc:datafield tag="040" ind1=" " ind2=" "><marc:subfield code="a">Uk</marc:subfield><marc:subfield code="c">Uk</marc:subfield></marc:datafield><marc:datafield tag="100" ind1="1" ind2=" "><marc:subfield code="a">ADAMS, William Davenport.</marc:subfield></marc:datafield><marc:datafield tag="245" ind1="1" ind2="0"><marc:subfield code="a">Latter-Day Lyrics, being poems of sentiment and reflection by living writers. Selected and arranged with notes by W. D. Adams. With a note on some foreign forms of verse, by A. Dobson.</marc:subfield></marc:datafield><marc:datafield tag="260" ind1=" " ind2=" "><marc:subfield code="a">London :</marc:subfield><marc:subfield code="b">Chatto &amp; Windus,</marc:subfield><marc:subfield code="c">1878.</marc:subfield></marc:datafield><marc:datafield tag="300" ind1=" " ind2=" "><marc:subfield code="a">xvi, 388 p. ;</marc:subfield><marc:subfield code="c">8º.</marc:subfield></marc:datafield><marc:datafield tag="700" ind1="1" ind2=" "><marc:subfield code="a">Dobson, Austin,</marc:subfield><marc:subfield code="d">1840-1921.</marc:subfield></marc:datafield><marc:datafield tag="700" ind1="1" ind2=" "><marc:subfield code="a">Palgrave, Francis Turner,</marc:subfield><marc:subfield code="d">1824-1897.</marc:subfield><marc:subfield code="t">Books Containing MS. Notes by Palgrave.</marc:subfield></marc:datafield><marc:datafield tag="852" ind1="4" ind2="1"><marc:subfield code="a">British Library</marc:subfield><marc:subfield code="b">HMNTS</marc:subfield><marc:subfield code="j">11604.fff.9.</marc:subfield></marc:datafield><marc:datafield tag="852" ind1="4" ind2="1"><marc:subfield code="a">British Library</marc:subfield><marc:subfield code="b">HMNTS</marc:subfield><marc:subfield code="j">11605.aa.24.</marc:subfield><marc:subfield code="3">[Another copy.] Latter-Day Lyrics, etc. Few ms. notes [by F. T. Palgrave]. London, 1878. 8º.</marc:subfield></marc:datafield><marc:datafield tag="886" ind1="2" ind2=" "><marc:subfield code="2">blmarc</marc:subfield><marc:subfield code="a">709</marc:subfield><marc:subfield code="b">00</marc:subfield><marc:subfield code="a">DOBSON</marc:subfield><marc:subfield code="h">Henry Austin</marc:subfield><marc:subfield code="p">11604.fff.9.</marc:subfield><marc:subfield code="x">0844840297</marc:subfield></marc:datafield><marc:datafield tag="886" ind1="2" ind2=" "><marc:subfield code="2">blmarc</marc:subfield><marc:subfield code="a">709</marc:subfield><marc:subfield code="b">00</marc:subfield><marc:subfield code="a">PALGRAVE</marc:subfield><marc:subfield code="h">Francis Turner</marc:subfield><marc:subfield code="t">Books Containing MS. Notes by Palgrave</marc:subfield><marc:subfield code="p">11605.aa.24.</marc:subfield><marc:subfield code="x">245398022X</marc:subfield></marc:datafield></marc:record>