
<marc:record><marc:leader>00652 am a22001573  4500</marc:leader>
<marc:controlfield tag="001">000016965</marc:controlfield>
<marc:controlfield tag="003">Uk</marc:controlfield><marc:controlfield tag="005">20091125221800.0</marc:controlfield><marc:controlfield tag="008">870814|1874|||||||    ||     ||| |||||  </marc:controlfield><marc:datafield tag="040" ind1=" " ind2=" "><marc:subfield code="a">Uk</marc:subfield><marc:subfield code="c">Uk</marc:subfield></marc:datafield><marc:datafield tag="100" ind1="1" ind2=" "><marc:subfield code="a">ADAMS, William Davenport.</marc:subfield></marc:datafield><marc:datafield tag="245" ind1="1" ind2="0"><marc:subfield code="a">Lyrics of Love, from Shakespeare to Tennyson. Selected and arranged, with notes, by W. D. Adams.</marc:subfield></marc:datafield><marc:datafield tag="260" ind1=" " ind2=" "><marc:subfield code="a">London :</marc:subfield><marc:subfield code="b">H. S. King &amp; Co.,</marc:subfield><marc:subfield code="c">1874.</marc:subfield></marc:datafield><marc:datafield tag="300" ind1=" " ind2=" "><marc:subfield code="a">xx. 252 p. ;</marc:subfield><marc:subfield code="c">16º.</marc:subfield></marc:datafield><marc:datafield tag="775" ind1="0" ind2=" "><marc:subfield code="t">[Lyrics of Love, from Shakespeare to Tennyson. Selected and arranged, with notes, by W. D. Adams.]</marc:subfield><marc:subfield code="d">pp. xx. 252. C. Kegan Paul &amp; Co.: London, 1878. 8º.</marc:subfield><marc:subfield code="w">(Uk)MP1.0000019135.1</marc:subfield></marc:datafield><marc:datafield tag="852" ind1="4" ind2="1"><marc:subfield code="a">British Library</marc:subfield><marc:subfield code="b">HMNTS</marc:subfield><marc:subfield code="j">11652.a.2.</marc:subfield></marc:datafield></marc:record>