
<marc:record><marc:leader>00639cam a22001693  4500</marc:leader>
<marc:controlfield tag="001">000016982</marc:controlfield>
<marc:controlfield tag="003">Uk</marc:controlfield><marc:controlfield tag="005">20110128153000.0</marc:controlfield><marc:controlfield tag="008">950717|1869|||||||    ||     ||| ||eng  </marc:controlfield><marc:datafield tag="040" ind1=" " ind2=" "><marc:subfield code="a">Uk</marc:subfield><marc:subfield code="c">Uk</marc:subfield></marc:datafield><marc:datafield tag="100" ind1="1" ind2=" "><marc:subfield code="a">HOEFER, Johann Christian Ferdinand.</marc:subfield></marc:datafield><marc:datafield tag="240" ind1="1" ind2="0"><marc:subfield code="a">Les Saisons: études de la nature. Ouvrage illustré de 61 vignettes.</marc:subfield></marc:datafield><marc:datafield tag="245" ind1="1" ind2="4"><marc:subfield code="a">The Circle of the Year; or, studies of nature ... [Founded on “Les Saisons” by J. C. F. Hoefer.] Edited and enlarged by W. H. D. Adams.</marc:subfield></marc:datafield><marc:datafield tag="260" ind1=" " ind2=" "><marc:subfield code="c">1869.</marc:subfield></marc:datafield><marc:datafield tag="300" ind1=" " ind2=" "><marc:subfield code="c">8º.</marc:subfield></marc:datafield><marc:datafield tag="700" ind1="1" ind2=" "><marc:subfield code="a">Adams, W. H. Davenport</marc:subfield><marc:subfield code="q">(William Henry Davenport),</marc:subfield><marc:subfield code="d">1828-1891.</marc:subfield></marc:datafield><marc:datafield tag="852" ind1="4" ind2="1"><marc:subfield code="a">British Library</marc:subfield><marc:subfield code="b">HMNTS</marc:subfield><marc:subfield code="j">7003.aaaa.6.</marc:subfield></marc:datafield></marc:record>