
<marc:record><marc:leader>00639cam a22001573  4500</marc:leader>
<marc:controlfield tag="001">000016984</marc:controlfield>
<marc:controlfield tag="003">Uk</marc:controlfield><marc:controlfield tag="005">20130523175500.0</marc:controlfield><marc:controlfield tag="008">870814|1885||||enk    ||     ||| |||||  </marc:controlfield><marc:datafield tag="040" ind1=" " ind2=" "><marc:subfield code="a">Uk</marc:subfield><marc:subfield code="c">Uk</marc:subfield></marc:datafield><marc:datafield tag="100" ind1="1" ind2=" "><marc:subfield code="a">Adams, W. H. Davenport</marc:subfield><marc:subfield code="q">(William Henry Davenport),</marc:subfield><marc:subfield code="d">1828-1891.</marc:subfield></marc:datafield><marc:datafield tag="245" ind1="1" ind2="0"><marc:subfield code="a">Battle Stories from British and European History ... Second edition.</marc:subfield></marc:datafield><marc:datafield tag="260" ind1=" " ind2=" "><marc:subfield code="a">London :</marc:subfield><marc:subfield code="b">W. Swan Sonnenschein &amp; Co.,</marc:subfield><marc:subfield code="c">1885.</marc:subfield></marc:datafield><marc:datafield tag="300" ind1=" " ind2=" "><marc:subfield code="a">464 p. ;</marc:subfield><marc:subfield code="c">8º.</marc:subfield></marc:datafield><marc:datafield tag="775" ind1="0" ind2=" "><marc:subfield code="t">[Battle Stories from British and European History ... Second edition.]</marc:subfield><marc:subfield code="d">pp. 464. Swan Sonnenschein &amp; Co.: London, 1902. 8º.</marc:subfield><marc:subfield code="w">(Uk)MP1.0000019153.1</marc:subfield></marc:datafield><marc:datafield tag="852" ind1="4" ind2="1"><marc:subfield code="a">British Library</marc:subfield><marc:subfield code="b">HMNTS</marc:subfield><marc:subfield code="j">9078.ccc.8.</marc:subfield></marc:datafield></marc:record>