
<marc:record><marc:leader>00741cam a22001573  4500</marc:leader>
<marc:controlfield tag="001">000017002</marc:controlfield>
<marc:controlfield tag="003">Uk</marc:controlfield><marc:controlfield tag="005">20121211185100.0</marc:controlfield><marc:controlfield tag="008">040322|1864|||||||    ||     ||| |||||  </marc:controlfield><marc:datafield tag="040" ind1=" " ind2=" "><marc:subfield code="a">Uk</marc:subfield><marc:subfield code="c">Uk</marc:subfield></marc:datafield><marc:datafield tag="100" ind1="1" ind2=" "><marc:subfield code="a">Adams, W. H. Davenport</marc:subfield><marc:subfield code="q">(William Henry Davenport),</marc:subfield><marc:subfield code="d">1828-1891.</marc:subfield></marc:datafield><marc:datafield tag="245" ind1="1" ind2="0"><marc:subfield code="a">Dwellers on the threshold, or Magic and magicians. With some illustrations of human error and imposture.</marc:subfield></marc:datafield><marc:datafield tag="260" ind1=" " ind2=" "><marc:subfield code="a">London :</marc:subfield><marc:subfield code="b">J. Maxwell &amp; Co.,</marc:subfield><marc:subfield code="c">1864.</marc:subfield></marc:datafield><marc:datafield tag="300" ind1=" " ind2=" "><marc:subfield code="a">2 vol. ;</marc:subfield><marc:subfield code="c">8º.</marc:subfield></marc:datafield><marc:datafield tag="775" ind1="0" ind2=" "><marc:subfield code="t">[Dwellers on the threshold, or Magic and magicians. With some illustrations of human error and imposture.]</marc:subfield><marc:subfield code="d">London: John Maxwell and Company, 1865. 2 vol. (xx, 315, [1]; [1], iv-xv, [1], 308p.) 20 cm.</marc:subfield><marc:subfield code="w">(Uk)MP1.0000019168.1</marc:subfield></marc:datafield><marc:datafield tag="852" ind1="4" ind2="1"><marc:subfield code="a">British Library</marc:subfield><marc:subfield code="b">HMNTS</marc:subfield><marc:subfield code="j">8630.dd.12.</marc:subfield></marc:datafield></marc:record>