
<marc:record><marc:leader>00528 am a22001453  4500</marc:leader>
<marc:controlfield tag="001">000017006</marc:controlfield>
<marc:controlfield tag="003">Uk</marc:controlfield><marc:controlfield tag="005">20091125221800.0</marc:controlfield><marc:controlfield tag="008">870814|1882|||||||    ||     ||| |||||  </marc:controlfield><marc:datafield tag="040" ind1=" " ind2=" "><marc:subfield code="a">Uk</marc:subfield><marc:subfield code="c">Uk</marc:subfield></marc:datafield><marc:datafield tag="100" ind1="1" ind2=" "><marc:subfield code="a">Adams, W. H. Davenport</marc:subfield><marc:subfield code="q">(William Henry Davenport),</marc:subfield><marc:subfield code="d">1828-1891.</marc:subfield></marc:datafield><marc:datafield tag="245" ind1="1" ind2="0"><marc:subfield code="a">Eminent Sailors. A series of biographies ... including an historical sketch of the British Navy from Drake to Collingwood.</marc:subfield></marc:datafield><marc:datafield tag="260" ind1=" " ind2=" "><marc:subfield code="a">pp. xii. 333. Routledge &amp; Sons: London, 1882 [1881].</marc:subfield></marc:datafield><marc:datafield tag="300" ind1=" " ind2=" "><marc:subfield code="a">8º.</marc:subfield></marc:datafield><marc:datafield tag="852" ind1="4" ind2="1"><marc:subfield code="a">British Library</marc:subfield><marc:subfield code="b">HMNTS</marc:subfield><marc:subfield code="j">10803.b.10.</marc:subfield></marc:datafield></marc:record>