
<marc:record><marc:leader>00601cam a22001573  4500</marc:leader>
<marc:controlfield tag="001">000017037</marc:controlfield>
<marc:controlfield tag="003">Uk</marc:controlfield><marc:controlfield tag="005">20101223154100.0</marc:controlfield><marc:controlfield tag="008">930916|1888|||||||    ||     ||| ||eng  </marc:controlfield><marc:datafield tag="040" ind1=" " ind2=" "><marc:subfield code="a">Uk</marc:subfield><marc:subfield code="c">Uk</marc:subfield></marc:datafield><marc:datafield tag="100" ind1="1" ind2=" "><marc:subfield code="a">Adams, W. H. Davenport</marc:subfield><marc:subfield code="q">(William Henry Davenport),</marc:subfield><marc:subfield code="d">1828-1891.</marc:subfield></marc:datafield><marc:datafield tag="245" ind1="1" ind2="4"><marc:subfield code="a">The Makers of British India ... With a map and ... illustrations.</marc:subfield></marc:datafield><marc:datafield tag="260" ind1=" " ind2=" "><marc:subfield code="a">London :</marc:subfield><marc:subfield code="b">J. Hogg,</marc:subfield><marc:subfield code="c">[1888]</marc:subfield></marc:datafield><marc:datafield tag="300" ind1=" " ind2=" "><marc:subfield code="a">478 p. ;</marc:subfield><marc:subfield code="c">8º.</marc:subfield></marc:datafield><marc:datafield tag="775" ind1="0" ind2=" "><marc:subfield code="t">[The Makers of British India ... With a map and ... illustrations.]</marc:subfield><marc:subfield code="d">pp. 482. J. Hogg: London, [1895.] 8º.</marc:subfield><marc:subfield code="w">(Uk)MP1.0000019200.1</marc:subfield></marc:datafield><marc:datafield tag="852" ind1="4" ind2="1"><marc:subfield code="a">British Library</marc:subfield><marc:subfield code="b">HMNTS</marc:subfield><marc:subfield code="j">9057.aa.13.</marc:subfield></marc:datafield></marc:record>