
<marc:record><marc:leader>00823cam a22001813  4500</marc:leader>
<marc:controlfield tag="001">000017043</marc:controlfield>
<marc:controlfield tag="003">Uk</marc:controlfield><marc:controlfield tag="005">20130611183900.0</marc:controlfield><marc:controlfield tag="008">870814|1863|||||||    ||     ||| ||eng  </marc:controlfield><marc:datafield tag="040" ind1=" " ind2=" "><marc:subfield code="a">Uk</marc:subfield><marc:subfield code="c">Uk</marc:subfield></marc:datafield><marc:datafield tag="100" ind1="1" ind2=" "><marc:subfield code="a">Adams, W. H. Davenport</marc:subfield><marc:subfield code="q">(William Henry Davenport),</marc:subfield><marc:subfield code="d">1828-1891.</marc:subfield></marc:datafield><marc:datafield tag="245" ind1="1" ind2="4"><marc:subfield code="a">The Men at the Helm: biographical sketches. Great English statesmen. With illustrations by J. Franklin.</marc:subfield></marc:datafield><marc:datafield tag="260" ind1=" " ind2=" "><marc:subfield code="a">London :</marc:subfield><marc:subfield code="b">J. Hogg &amp; Sons,</marc:subfield><marc:subfield code="c">[1863]</marc:subfield></marc:datafield><marc:datafield tag="300" ind1=" " ind2=" "><marc:subfield code="a">318 p. ;</marc:subfield><marc:subfield code="c">8º.</marc:subfield></marc:datafield><marc:datafield tag="700" ind1="1" ind2=" "><marc:subfield code="a">FRANKLIN, John</marc:subfield><marc:subfield code="c">(Illustrator)</marc:subfield></marc:datafield><marc:datafield tag="775" ind1="0" ind2=" "><marc:subfield code="t">[The Men at the Helm: biographical sketches. Great English statesmen. With illustrations by J. Franklin.]</marc:subfield><marc:subfield code="d">pp. 318. Gall &amp; Inglis: Edinburgh, [1870.] 8º.</marc:subfield><marc:subfield code="w">(Uk)MP1.0000019204.1</marc:subfield></marc:datafield><marc:datafield tag="852" ind1="4" ind2="1"><marc:subfield code="a">British Library</marc:subfield><marc:subfield code="b">HMNTS</marc:subfield><marc:subfield code="j">10804.b.7.</marc:subfield></marc:datafield><marc:datafield tag="886" ind1="2" ind2=" "><marc:subfield code="2">blmarc</marc:subfield><marc:subfield code="a">709</marc:subfield><marc:subfield code="b">00</marc:subfield><marc:subfield code="a">FRANKLIN</marc:subfield><marc:subfield code="h">John</marc:subfield><marc:subfield code="f">Illustrator</marc:subfield><marc:subfield code="p">10804.b.7.</marc:subfield><marc:subfield code="x">1151030155</marc:subfield></marc:datafield></marc:record>