
<marc:record><marc:leader>00880cam a22001813  4500</marc:leader>
<marc:controlfield tag="001">000017046</marc:controlfield>
<marc:controlfield tag="003">Uk</marc:controlfield><marc:controlfield tag="005">20130522192300.0</marc:controlfield><marc:controlfield tag="008">870814|1862||||enk    ||     ||| |||||  </marc:controlfield><marc:datafield tag="040" ind1=" " ind2=" "><marc:subfield code="a">Uk</marc:subfield><marc:subfield code="c">Uk</marc:subfield></marc:datafield><marc:datafield tag="100" ind1="1" ind2=" "><marc:subfield code="a">Adams, W. H. Davenport</marc:subfield><marc:subfield code="q">(William Henry Davenport),</marc:subfield><marc:subfield code="d">1828-1891.</marc:subfield></marc:datafield><marc:datafield tag="245" ind1="1" ind2="0"><marc:subfield code="a">Nelsons' Hand-book to the Isle of Wight; its history, topography, and antiquities, etc. [With a map and illustrations.]</marc:subfield></marc:datafield><marc:datafield tag="260" ind1=" " ind2=" "><marc:subfield code="a">London :</marc:subfield><marc:subfield code="b">T. Nelson &amp; Sons,</marc:subfield><marc:subfield code="c">1862.</marc:subfield></marc:datafield><marc:datafield tag="300" ind1=" " ind2=" "><marc:subfield code="a">xv. 215 p. ;</marc:subfield><marc:subfield code="c">8º.</marc:subfield></marc:datafield><marc:datafield tag="700" ind1="1" ind2=" "><marc:subfield code="a">NELSON, Thomas,</marc:subfield><marc:subfield code="c">Publisher, AND SONS.</marc:subfield></marc:datafield><marc:datafield tag="775" ind1="0" ind2=" "><marc:subfield code="t">[Nelsons' Hand-book to the Isle of Wight; its history, topography, and antiquities, etc. [With a map and illustrations.]]</marc:subfield><marc:subfield code="d">pp. xv. 213. T. Nelson &amp; Sons: London, 1877. 8º.</marc:subfield><marc:subfield code="w">(Uk)MP1.0000019206.1</marc:subfield></marc:datafield><marc:datafield tag="852" ind1="4" ind2="1"><marc:subfield code="a">British Library</marc:subfield><marc:subfield code="b">HMNTS</marc:subfield><marc:subfield code="j">10368.c.31.</marc:subfield></marc:datafield><marc:datafield tag="886" ind1="2" ind2=" "><marc:subfield code="2">blmarc</marc:subfield><marc:subfield code="a">709</marc:subfield><marc:subfield code="b">00</marc:subfield><marc:subfield code="a">NELSON</marc:subfield><marc:subfield code="h">Thomas</marc:subfield><marc:subfield code="f">Publisher, AND SONS</marc:subfield><marc:subfield code="p">10368.c.31.</marc:subfield><marc:subfield code="x">2333290218</marc:subfield></marc:datafield></marc:record>