
<marc:record><marc:leader>00526cam a22001453  4500</marc:leader>
<marc:controlfield tag="001">000017084</marc:controlfield>
<marc:controlfield tag="003">Uk</marc:controlfield><marc:controlfield tag="005">20130115170800.0</marc:controlfield><marc:controlfield tag="008">870814|1880|||||||    ||     ||| |||||  </marc:controlfield><marc:datafield tag="040" ind1=" " ind2=" "><marc:subfield code="a">Uk</marc:subfield><marc:subfield code="c">Uk</marc:subfield></marc:datafield><marc:datafield tag="100" ind1="1" ind2=" "><marc:subfield code="a">Adams, W. H. Davenport</marc:subfield><marc:subfield code="q">(William Henry Davenport),</marc:subfield><marc:subfield code="d">1828-1891.</marc:subfield></marc:datafield><marc:datafield tag="245" ind1="1" ind2="0"><marc:subfield code="a">Windsor Castle and the water-way thither ... illustrations by R. T. Pritchett.</marc:subfield></marc:datafield><marc:datafield tag="260" ind1=" " ind2=" "><marc:subfield code="a">London :</marc:subfield><marc:subfield code="b">Marcus Ward &amp; Co. ;</marc:subfield><marc:subfield code="a">Belfast :</marc:subfield><marc:subfield code="b">Royal Ulster Works,</marc:subfield><marc:subfield code="c">1880.</marc:subfield></marc:datafield><marc:datafield tag="300" ind1=" " ind2=" "><marc:subfield code="a">144 p. :</marc:subfield><marc:subfield code="b">plates, ill. ;</marc:subfield><marc:subfield code="c">27 cm.</marc:subfield></marc:datafield><marc:datafield tag="852" ind1="4" ind2="1"><marc:subfield code="a">British Library</marc:subfield><marc:subfield code="b">HMNTS</marc:subfield><marc:subfield code="j">1502/132.</marc:subfield></marc:datafield></marc:record>