
<marc:record><marc:leader>00478cam a22001453  4500</marc:leader>
<marc:controlfield tag="001">000017236</marc:controlfield>
<marc:controlfield tag="003">Uk</marc:controlfield><marc:controlfield tag="005">20130503191800.0</marc:controlfield><marc:controlfield tag="008">870814|1880||||enk    ||     ||| ||eng  </marc:controlfield><marc:datafield tag="040" ind1=" " ind2=" "><marc:subfield code="a">Uk</marc:subfield><marc:subfield code="c">Uk</marc:subfield></marc:datafield><marc:datafield tag="100" ind1="1" ind2=" "><marc:subfield code="a">ADAMSON, Henry Thomas.</marc:subfield></marc:datafield><marc:datafield tag="245" ind1="1" ind2="4"><marc:subfield code="a">The Three Sevens. (The Seven Parables of the Covenant. - The Seven Sayings from the Cross. - The Seven Petitions.).</marc:subfield></marc:datafield><marc:datafield tag="260" ind1=" " ind2=" "><marc:subfield code="a">London :</marc:subfield><marc:subfield code="b">Kegan Paul &amp; Co.,</marc:subfield><marc:subfield code="c">1880.</marc:subfield></marc:datafield><marc:datafield tag="300" ind1=" " ind2=" "><marc:subfield code="a">xix, 360 p. ;</marc:subfield><marc:subfield code="c">8º.</marc:subfield></marc:datafield><marc:datafield tag="852" ind1="4" ind2="1"><marc:subfield code="a">British Library</marc:subfield><marc:subfield code="b">HMNTS</marc:subfield><marc:subfield code="j">3103.bb.17.</marc:subfield></marc:datafield></marc:record>