
<marc:record><marc:leader>00532cam a22001453  4500</marc:leader>
<marc:controlfield tag="001">000017260</marc:controlfield>
<marc:controlfield tag="003">Uk</marc:controlfield><marc:controlfield tag="005">20111222151700.0</marc:controlfield><marc:controlfield tag="008">870814|1826|||||||    ||     ||| |||||  </marc:controlfield><marc:datafield tag="040" ind1=" " ind2=" "><marc:subfield code="a">Uk</marc:subfield><marc:subfield code="c">Uk</marc:subfield></marc:datafield><marc:datafield tag="100" ind1="1" ind2=" "><marc:subfield code="a">ADAMSON, James,</marc:subfield><marc:subfield code="c">of Cupar, Fife.</marc:subfield></marc:datafield><marc:datafield tag="245" ind1="1" ind2="0"><marc:subfield code="a">Sketches of our Information as to Rail-roads, by ... J. Adamson ... Also an Account of the Stockton and Darlington Railway ... extracted from the Caledonian Mercury.</marc:subfield></marc:datafield><marc:datafield tag="260" ind1=" " ind2=" "><marc:subfield code="a">Newcastle :</marc:subfield><marc:subfield code="b">E. Walker,</marc:subfield><marc:subfield code="c">1826.</marc:subfield></marc:datafield><marc:datafield tag="300" ind1=" " ind2=" "><marc:subfield code="a">60 p. ;</marc:subfield><marc:subfield code="c">8º.</marc:subfield></marc:datafield><marc:datafield tag="852" ind1="4" ind2="1"><marc:subfield code="a">British Library</marc:subfield><marc:subfield code="b">HMNTS</marc:subfield><marc:subfield code="j">8235.ee.14.(1.)</marc:subfield></marc:datafield></marc:record>