
<marc:record><marc:leader>00867cam a22001813  4500</marc:leader>
<marc:controlfield tag="001">000017272</marc:controlfield>
<marc:controlfield tag="003">Uk</marc:controlfield><marc:controlfield tag="005">20120302164100.0</marc:controlfield><marc:controlfield tag="008">950126|1836|||||||    ||     ||| |||||  </marc:controlfield><marc:datafield tag="040" ind1=" " ind2=" "><marc:subfield code="a">Uk</marc:subfield><marc:subfield code="c">Uk</marc:subfield></marc:datafield><marc:datafield tag="100" ind1="1" ind2=" "><marc:subfield code="a">ADAMSON, John,</marc:subfield><marc:subfield code="c">F.S.A.</marc:subfield></marc:datafield><marc:datafield tag="245" ind1="1" ind2="0"><marc:subfield code="a">Bibliotheca Lusitana; or, Catalogue of books and tracts, relating to the history, literature, and poetry, of Portugal: forming part of the library of John Adamson.</marc:subfield></marc:datafield><marc:datafield tag="260" ind1=" " ind2=" "><marc:subfield code="a">Newcastle-on-Tyne :</marc:subfield><marc:subfield code="b">T. &amp; J. Hodgson,</marc:subfield><marc:subfield code="c">1836.</marc:subfield></marc:datafield><marc:datafield tag="300" ind1=" " ind2=" "><marc:subfield code="a">iv, 115 p. ;</marc:subfield><marc:subfield code="c">8º.</marc:subfield></marc:datafield><marc:datafield tag="500" ind1=" " ind2=" "><marc:subfield code="a">Privately printed.</marc:subfield></marc:datafield><marc:datafield tag="852" ind1="4" ind2="1"><marc:subfield code="a">British Library</marc:subfield><marc:subfield code="b">HMNTS</marc:subfield><marc:subfield code="j">11926.aa.21.</marc:subfield></marc:datafield><marc:datafield tag="852" ind1="4" ind2="1"><marc:subfield code="a">British Library</marc:subfield><marc:subfield code="b">HMNTS</marc:subfield><marc:subfield code="j">S.C.261.(1.)</marc:subfield><marc:subfield code="3">[Another copy.] Bibliotheca Lusitana, etc. Newcastle on Tyne, 1836. 8º.</marc:subfield></marc:datafield><marc:datafield tag="852" ind1="4" ind2="1"><marc:subfield code="a">British Library</marc:subfield><marc:subfield code="b">HMNTS</marc:subfield><marc:subfield code="j">G.387.(2.)</marc:subfield><marc:subfield code="3">[Another copy.] Bibliotheca Lusitana, etc. 1836.***With a MS. letter from John Adamson to Thomas Grenville inserted.</marc:subfield></marc:datafield></marc:record>