
<marc:record><marc:leader>01009cam a22001693  4500</marc:leader>
<marc:controlfield tag="001">000017273</marc:controlfield>
<marc:controlfield tag="003">Uk</marc:controlfield><marc:controlfield tag="005">20120405161500.0</marc:controlfield><marc:controlfield tag="008">000815|1842|||||||    ||     ||| |||||  </marc:controlfield><marc:datafield tag="040" ind1=" " ind2=" "><marc:subfield code="a">Uk</marc:subfield><marc:subfield code="c">Uk</marc:subfield></marc:datafield><marc:datafield tag="100" ind1="1" ind2=" "><marc:subfield code="a">ADAMSON, John,</marc:subfield><marc:subfield code="c">F.S.A.</marc:subfield></marc:datafield><marc:datafield tag="245" ind1="1" ind2="0"><marc:subfield code="a">Lusitania Illustrata: notices of the history, antiquities, literature, &amp;c., of Portugal. (Literary department. Part I. Selection of sonnets, with biographical sketches of the authors. - Part II. Minstrelsy.).</marc:subfield></marc:datafield><marc:datafield tag="260" ind1=" " ind2=" "><marc:subfield code="a">Newcastle upon Tyne :</marc:subfield><marc:subfield code="b">T. &amp; J. Hodgson,</marc:subfield><marc:subfield code="c">1842, 46.</marc:subfield></marc:datafield><marc:datafield tag="300" ind1=" " ind2=" "><marc:subfield code="a">2 pt. ;</marc:subfield><marc:subfield code="c">8º.</marc:subfield></marc:datafield><marc:datafield tag="775" ind1="0" ind2=" "><marc:subfield code="t">[Lusitania Illustrata: notices of the history, antiquities, literature, &amp;c., of Portugal. (Literary department. Part I. Selection of sonnets, with biographical sketches of the authors. - Part II. Minstrelsy.)]</marc:subfield><marc:subfield code="d">M. A. Richardson: Newcastle upon Tyne, 1846. 4º.</marc:subfield><marc:subfield code="w">(Uk)MP1.0000019438.2</marc:subfield></marc:datafield><marc:datafield tag="852" ind1="4" ind2="1"><marc:subfield code="a">British Library</marc:subfield><marc:subfield code="b">HMNTS</marc:subfield><marc:subfield code="j">11452.c.50.</marc:subfield></marc:datafield><marc:datafield tag="852" ind1="4" ind2="1"><marc:subfield code="a">British Library</marc:subfield><marc:subfield code="b">HMNTS</marc:subfield><marc:subfield code="j">G.16628.</marc:subfield><marc:subfield code="3">[Another copy.]***With two autograph letters from the author to Mr. Grenville.</marc:subfield></marc:datafield></marc:record>