
<marc:record><marc:leader>01037cam a22001813  4500</marc:leader>
<marc:controlfield tag="001">000017274</marc:controlfield>
<marc:controlfield tag="003">Uk</marc:controlfield><marc:controlfield tag="005">20120210152800.0</marc:controlfield><marc:controlfield tag="008">000815|1846|||||||    ||     ||| |||||  </marc:controlfield><marc:datafield tag="040" ind1=" " ind2=" "><marc:subfield code="a">Uk</marc:subfield><marc:subfield code="c">Uk</marc:subfield></marc:datafield><marc:datafield tag="100" ind1="1" ind2=" "><marc:subfield code="a">ADAMSON, John,</marc:subfield><marc:subfield code="c">F.S.A.</marc:subfield></marc:datafield><marc:datafield tag="245" ind1="1" ind2="0"><marc:subfield code="a">[Lusitania Illustrata: notices of the history, antiquities, literature, &amp;c., of Portugal. (Literary department. Part I. Selection of sonnets, with biographical sketches of the authors. - Part II. Minstrelsy.)]</marc:subfield></marc:datafield><marc:datafield tag="250" ind1=" " ind2=" "><marc:subfield code="a">[Another edition of Part 2.]</marc:subfield></marc:datafield><marc:datafield tag="260" ind1=" " ind2=" "><marc:subfield code="a">Newcastle upon Tyne :</marc:subfield><marc:subfield code="b">M. A. Richardson,</marc:subfield><marc:subfield code="c">1846.</marc:subfield></marc:datafield><marc:datafield tag="300" ind1=" " ind2=" "><marc:subfield code="c">4º.</marc:subfield></marc:datafield><marc:datafield tag="500" ind1=" " ind2=" "><marc:subfield code="a">With the author's presentation inscription: John Waldie Esq. With John Adamson's kind regards.</marc:subfield></marc:datafield><marc:datafield tag="787" ind1="0" ind2=" "><marc:subfield code="t">Lusitania Illustrata: notices of the history, antiquities, literature, &amp;c., of Portugal. (Literary department. Part I. Selection of sonnets, with biographical sketches of the authors. - Part II. Minstrelsy.)</marc:subfield><marc:subfield code="d">2 pt. T. &amp; J. Hodgson: Newcastle upon Tyne, 1842, 46. 8º.</marc:subfield><marc:subfield code="w">(Uk)MP1.0000019438</marc:subfield></marc:datafield><marc:datafield tag="852" ind1="4" ind2="1"><marc:subfield code="a">British Library</marc:subfield><marc:subfield code="b">HMNTS</marc:subfield><marc:subfield code="j">RB.23.a.20261.(4.)</marc:subfield></marc:datafield></marc:record>