
<marc:record><marc:leader>00713cam a22001693  4500</marc:leader>
<marc:controlfield tag="001">000017392</marc:controlfield>
<marc:controlfield tag="003">Uk</marc:controlfield><marc:controlfield tag="005">20130508174800.0</marc:controlfield><marc:controlfield tag="008">870814|1900||||enk    ||     ||| |||||  </marc:controlfield><marc:datafield tag="040" ind1=" " ind2=" "><marc:subfield code="a">Uk</marc:subfield><marc:subfield code="c">Uk</marc:subfield></marc:datafield><marc:datafield tag="100" ind1="1" ind2=" "><marc:subfield code="a">Adamson, William,</marc:subfield><marc:subfield code="c">minister of the gospel.</marc:subfield></marc:datafield><marc:datafield tag="245" ind1="1" ind2="0"><marc:subfield code="a">Life of the Rev. Fergus Ferguson, M.A., D.D., Minister of Montrose Street Evangelical Union Church ... With illustrations.</marc:subfield></marc:datafield><marc:datafield tag="260" ind1=" " ind2=" "><marc:subfield code="a">London :</marc:subfield><marc:subfield code="b">Simpkin, Marshall &amp; Co.,</marc:subfield><marc:subfield code="c">1900.</marc:subfield></marc:datafield><marc:datafield tag="300" ind1=" " ind2=" "><marc:subfield code="a">252 p. ;</marc:subfield><marc:subfield code="c">8º.</marc:subfield></marc:datafield><marc:datafield tag="700" ind1="1" ind2=" "><marc:subfield code="a">FERGUSON, Fergus,</marc:subfield><marc:subfield code="c">Minister of Montrose Street E.U. Church, Glasgow.</marc:subfield></marc:datafield><marc:datafield tag="852" ind1="4" ind2="1"><marc:subfield code="a">British Library</marc:subfield><marc:subfield code="b">HMNTS</marc:subfield><marc:subfield code="j">4956.h.8.</marc:subfield></marc:datafield><marc:datafield tag="886" ind1="2" ind2=" "><marc:subfield code="2">blmarc</marc:subfield><marc:subfield code="a">709</marc:subfield><marc:subfield code="b">00</marc:subfield><marc:subfield code="a">FERGUSON</marc:subfield><marc:subfield code="h">Fergus</marc:subfield><marc:subfield code="f">Minister of Montrose Street E.U. Church, Glasgow</marc:subfield><marc:subfield code="p">4956.h.8.</marc:subfield><marc:subfield code="x">1071950126</marc:subfield></marc:datafield></marc:record>