
<marc:record><marc:leader>00854cam a22001693  4500</marc:leader>
<marc:controlfield tag="001">000017402</marc:controlfield>
<marc:controlfield tag="003">Uk</marc:controlfield><marc:controlfield tag="005">20120815221300.0</marc:controlfield><marc:controlfield tag="008">870814|1882|||||||    ||     ||| |||||  </marc:controlfield><marc:datafield tag="040" ind1=" " ind2=" "><marc:subfield code="a">Uk</marc:subfield><marc:subfield code="c">Uk</marc:subfield></marc:datafield><marc:datafield tag="100" ind1="1" ind2=" "><marc:subfield code="a">Adamson, William,</marc:subfield><marc:subfield code="c">minister of the gospel.</marc:subfield></marc:datafield><marc:datafield tag="245" ind1="1" ind2="2"><marc:subfield code="a">A Vindication of &quot;The Argument, à priori, for the being and attributes of God,&quot; by ... W. H. Gillespie.</marc:subfield></marc:datafield><marc:datafield tag="260" ind1=" " ind2=" "><marc:subfield code="a">London :</marc:subfield><marc:subfield code="b">Houlston &amp; Sons,</marc:subfield><marc:subfield code="c">1882.</marc:subfield></marc:datafield><marc:datafield tag="300" ind1=" " ind2=" "><marc:subfield code="a">28 p. ;</marc:subfield><marc:subfield code="c">8º.</marc:subfield></marc:datafield><marc:datafield tag="700" ind1="1" ind2=" "><marc:subfield code="a">Gillespie, William Honyman,</marc:subfield><marc:subfield code="d">1808-1875.</marc:subfield><marc:subfield code="t">The argument, a priori, for the being and attributes of the Lord God ... Sixth ... edition ... by J. Urquhart.</marc:subfield></marc:datafield><marc:datafield tag="852" ind1="4" ind2="1"><marc:subfield code="a">British Library</marc:subfield><marc:subfield code="b">HMNTS</marc:subfield><marc:subfield code="j">4372.df.12.(6.)</marc:subfield></marc:datafield><marc:datafield tag="886" ind1="2" ind2=" "><marc:subfield code="2">blmarc</marc:subfield><marc:subfield code="a">709</marc:subfield><marc:subfield code="b">00</marc:subfield><marc:subfield code="a">GILLESPIE</marc:subfield><marc:subfield code="h">William Honyman</marc:subfield><marc:subfield code="t">The argument, a priori, for the being and attributes of the Lord God ... Sixth ... edition ... by J. Urquhart.</marc:subfield><marc:subfield code="p">4372.df.12.(6.)</marc:subfield><marc:subfield code="x">1251090346</marc:subfield></marc:datafield></marc:record>