
<marc:record><marc:leader>00850cam a22001813  4500</marc:leader>
<marc:controlfield tag="001">000017410</marc:controlfield>
<marc:controlfield tag="003">Uk</marc:controlfield><marc:controlfield tag="005">20130715184800.0</marc:controlfield><marc:controlfield tag="008">870814|1888||||enk    ||     ||| |||||  </marc:controlfield><marc:datafield tag="040" ind1=" " ind2=" "><marc:subfield code="a">Uk</marc:subfield><marc:subfield code="c">Uk</marc:subfield></marc:datafield><marc:datafield tag="100" ind1="1" ind2=" "><marc:subfield code="a">ADAMSON, William,</marc:subfield><marc:subfield code="c">Vicar of St. Paul's, Old Ford.</marc:subfield></marc:datafield><marc:datafield tag="245" ind1="1" ind2="2"><marc:subfield code="a">A Memorial to the Queen's Most Excellent Majesty against the Despatch of a Special Mission to Rome ... on the occasion of the ... anniversary of the ordination of Leo XIII., and a Protest ... Edited by W. Adamson, etc.</marc:subfield></marc:datafield><marc:datafield tag="260" ind1=" " ind2=" "><marc:subfield code="a">London :</marc:subfield><marc:subfield code="b">Waterlow &amp; Sons,</marc:subfield><marc:subfield code="c">1888.</marc:subfield></marc:datafield><marc:datafield tag="300" ind1=" " ind2=" "><marc:subfield code="a">39 p. ;</marc:subfield><marc:subfield code="c">8º.</marc:subfield></marc:datafield><marc:datafield tag="700" ind1="1" ind2=" "><marc:subfield code="a">HOWARD, Henry Fitzalan,</marc:subfield><marc:subfield code="c">15th Duke of Norfolk.</marc:subfield></marc:datafield><marc:datafield tag="852" ind1="4" ind2="1"><marc:subfield code="a">British Library</marc:subfield><marc:subfield code="b">HMNTS</marc:subfield><marc:subfield code="j">3942.aaa.4.(1.)</marc:subfield></marc:datafield><marc:datafield tag="852" ind1="4" ind2="1"><marc:subfield code="a">British Library</marc:subfield><marc:subfield code="b">HMNTS</marc:subfield><marc:subfield code="j">4109.aaa.53.(2.)</marc:subfield><marc:subfield code="3">[Another copy.]</marc:subfield></marc:datafield><marc:datafield tag="886" ind1="2" ind2=" "><marc:subfield code="2">blmarc</marc:subfield><marc:subfield code="a">709</marc:subfield><marc:subfield code="b">00</marc:subfield><marc:subfield code="a">HOWARD</marc:subfield><marc:subfield code="h">Henry Fitzalan</marc:subfield><marc:subfield code="f">15th Duke of Norfolk</marc:subfield><marc:subfield code="p">4109.aaa.53.(2.)</marc:subfield><marc:subfield code="x">1534240233</marc:subfield></marc:datafield></marc:record>