
<marc:record><marc:leader>00800cam a22001693  4500</marc:leader>
<marc:controlfield tag="001">000017411</marc:controlfield>
<marc:controlfield tag="003">Uk</marc:controlfield><marc:controlfield tag="005">20130708175200.0</marc:controlfield><marc:controlfield tag="008">870814|1894||||stk    ||     ||| |||||  </marc:controlfield><marc:datafield tag="040" ind1=" " ind2=" "><marc:subfield code="a">Uk</marc:subfield><marc:subfield code="c">Uk</marc:subfield></marc:datafield><marc:datafield tag="100" ind1="1" ind2=" "><marc:subfield code="a">ADAMSON, William,</marc:subfield><marc:subfield code="c">Vicar of St. Paul's, Old Ford.</marc:subfield></marc:datafield><marc:datafield tag="245" ind1="1" ind2="0"><marc:subfield code="a">Open letter from the Rev. William Adamson ... to the Rev. Prebendary Webb-Peploe ... With reference to his policy of alliance with superstition to secure “Christian education” in the Board schools of the metropolis. Dated Easter 1894.</marc:subfield></marc:datafield><marc:datafield tag="260" ind1=" " ind2=" "><marc:subfield code="a">Edinburgh :</marc:subfield><marc:subfield code="b">printed by David Macdonald,</marc:subfield><marc:subfield code="c">1894.</marc:subfield></marc:datafield><marc:datafield tag="300" ind1=" " ind2=" "><marc:subfield code="a">14 p. ;</marc:subfield><marc:subfield code="c">21 cm.</marc:subfield></marc:datafield><marc:datafield tag="700" ind1="1" ind2=" "><marc:subfield code="a">Webb-Peploe, H. W.</marc:subfield><marc:subfield code="q">(Hanmer William),</marc:subfield><marc:subfield code="d">1837-1923.</marc:subfield></marc:datafield><marc:datafield tag="852" ind1="4" ind2="1"><marc:subfield code="a">British Library</marc:subfield><marc:subfield code="b">HMNTS</marc:subfield><marc:subfield code="j">1560/58.</marc:subfield></marc:datafield><marc:datafield tag="886" ind1="2" ind2=" "><marc:subfield code="2">blmarc</marc:subfield><marc:subfield code="a">709</marc:subfield><marc:subfield code="b">00</marc:subfield><marc:subfield code="a">WEBB, afterwards WEBB PEPLOE</marc:subfield><marc:subfield code="h">Hanmer William</marc:subfield><marc:subfield code="p">1560/58.</marc:subfield><marc:subfield code="x">3463890070</marc:subfield></marc:datafield></marc:record>