
<marc:record><marc:leader>01382cam a22001813  4500</marc:leader>
<marc:controlfield tag="001">000017430</marc:controlfield>
<marc:controlfield tag="003">Uk</marc:controlfield><marc:controlfield tag="005">20120224170000.0</marc:controlfield><marc:controlfield tag="008">990316|1846|||||||    ||    |||| |||||  </marc:controlfield><marc:datafield tag="040" ind1=" " ind2=" "><marc:subfield code="a">Uk</marc:subfield><marc:subfield code="c">Uk</marc:subfield></marc:datafield><marc:datafield tag="245" ind1="1" ind2="0"><marc:subfield code="a">[[M. Adami Historia ecclesiastica, continens religionis propagatæ gesta, quæ a temporibus Karoli Magni usque ad Henricum IIII. acciderunt in ecclesia non tam Hamburgensi quam Bremensi, vicinisque locis septentrionalibus. Ejusdem autoris libellus de situ Daniæ nunc primum in lucem editus. Cura ac labore Erpoldi Lindenbruch.]]</marc:subfield></marc:datafield><marc:datafield tag="250" ind1=" " ind2=" "><marc:subfield code="a">[Another edition.] Mag. Adami Gesta Hammenburgensis ecclesiae pontificum, edente V. Cl. Io. M. Lappenberg.</marc:subfield></marc:datafield><marc:datafield tag="260" ind1=" " ind2=" "><marc:subfield code="c">1846.</marc:subfield></marc:datafield><marc:datafield tag="580" ind1=" " ind2=" "><marc:subfield code="a">In: Pertz (G. H.) Monumenta Germaniae historica, etc. (Scriptorum tom. 7.) 1826, etc. fol.</marc:subfield></marc:datafield><marc:datafield tag="720" ind1=" " ind2=" "><marc:subfield code="a">ADAMUS, Bremensis</marc:subfield><marc:subfield code="e">main entry</marc:subfield></marc:datafield><marc:datafield tag="787" ind1="0" ind2=" "><marc:subfield code="t">[M. Adami Historia ecclesiastica, continens religionis propagatæ gesta, quæ a temporibus Karoli Magni usque ad Henricum IIII. acciderunt in ecclesia non tam Hamburgensi quam Bremensi, vicinisque locis septentrionalibus. Ejusdem autoris libellus de situ Daniæ nunc primum in lucem editus. Cura ac labore Erpoldi Lindenbruch.]</marc:subfield><marc:subfield code="d">pp. 156. [Ex officina Plantiniana: Lugduni Batavorum, 1595.] 4º.</marc:subfield><marc:subfield code="w">(Uk)MP1.0000019592</marc:subfield></marc:datafield><marc:datafield tag="852" ind1="4" ind2="1"><marc:subfield code="a">British Library</marc:subfield><marc:subfield code="b">HMNTS</marc:subfield><marc:subfield code="j">HLL943 (MG-S5)</marc:subfield></marc:datafield><marc:datafield tag="852" ind1="4" ind2="1"><marc:subfield code="a">British Library</marc:subfield><marc:subfield code="b">HMNTS</marc:subfield><marc:subfield code="j">Circ.36.b(4.)</marc:subfield><marc:subfield code="3">Superseded by HLL943 (MG-S5)</marc:subfield></marc:datafield></marc:record>