
<marc:record><marc:leader>01300 am a22001813  4500</marc:leader>
<marc:controlfield tag="001">000017431</marc:controlfield>
<marc:controlfield tag="003">Uk</marc:controlfield><marc:controlfield tag="005">20091223214900.0</marc:controlfield><marc:controlfield tag="008">990316|1846|||||||    ||    |||| |||||  </marc:controlfield><marc:datafield tag="040" ind1=" " ind2=" "><marc:subfield code="a">Uk</marc:subfield><marc:subfield code="c">Uk</marc:subfield></marc:datafield><marc:datafield tag="245" ind1="1" ind2="0"><marc:subfield code="a">[[M. Adami Historia ecclesiastica, continens religionis propagatæ gesta, quæ a temporibus Karoli Magni usque ad Henricum IIII. acciderunt in ecclesia non tam Hamburgensi quam Bremensi, vicinisque locis septentrionalibus. Ejusdem autoris libellus de situ Daniæ nunc primum in lucem editus. Cura ac labore Erpoldi Lindenbruch.]]</marc:subfield></marc:datafield><marc:datafield tag="250" ind1=" " ind2=" "><marc:subfield code="a">[Another edition.] In usum scholarum ex Monumentis Germaniae recudi fecit Georgius Heinricus Pertz.</marc:subfield></marc:datafield><marc:datafield tag="260" ind1=" " ind2=" "><marc:subfield code="a">Hannoverae,</marc:subfield><marc:subfield code="c">1846.</marc:subfield></marc:datafield><marc:datafield tag="300" ind1=" " ind2=" "><marc:subfield code="a">xii, 218 p. ;</marc:subfield><marc:subfield code="c">8º.</marc:subfield></marc:datafield><marc:datafield tag="490" ind1="0" ind2=" "><marc:subfield code="a">[Pertz (G. H.) Scriptores rerum Germanicarum, etc.]</marc:subfield></marc:datafield><marc:datafield tag="720" ind1=" " ind2=" "><marc:subfield code="a">ADAMUS, Bremensis</marc:subfield><marc:subfield code="e">main entry</marc:subfield></marc:datafield><marc:datafield tag="787" ind1="0" ind2=" "><marc:subfield code="t">[M. Adami Historia ecclesiastica, continens religionis propagatæ gesta, quæ a temporibus Karoli Magni usque ad Henricum IIII. acciderunt in ecclesia non tam Hamburgensi quam Bremensi, vicinisque locis septentrionalibus. Ejusdem autoris libellus de situ Daniæ nunc primum in lucem editus. Cura ac labore Erpoldi Lindenbruch.]</marc:subfield><marc:subfield code="d">pp. 156. [Ex officina Plantiniana: Lugduni Batavorum, 1595.] 4º.</marc:subfield><marc:subfield code="w">(Uk)MP1.0000019592</marc:subfield></marc:datafield><marc:datafield tag="852" ind1="4" ind2="1"><marc:subfield code="a">British Library</marc:subfield><marc:subfield code="b">HMNTS</marc:subfield><marc:subfield code="j">9335.g.10/12.</marc:subfield></marc:datafield></marc:record>