
<marc:record><marc:leader>01394cam a22002053  4500</marc:leader>
<marc:controlfield tag="001">000017432</marc:controlfield>
<marc:controlfield tag="003">Uk</marc:controlfield><marc:controlfield tag="005">20120224170000.0</marc:controlfield><marc:controlfield tag="008">990316|1853|||||||    ||    |||| |||||  </marc:controlfield><marc:datafield tag="040" ind1=" " ind2=" "><marc:subfield code="a">Uk</marc:subfield><marc:subfield code="c">Uk</marc:subfield></marc:datafield><marc:datafield tag="245" ind1="1" ind2="0"><marc:subfield code="a">[[M. Adami Historia ecclesiastica, continens religionis propagatæ gesta, quæ a temporibus Karoli Magni usque ad Henricum IIII. acciderunt in ecclesia non tam Hamburgensi quam Bremensi, vicinisque locis septentrionalibus. Ejusdem autoris libellus de situ Daniæ nunc primum in lucem editus. Cura ac labore Erpoldi Lindenbruch.]]</marc:subfield></marc:datafield><marc:datafield tag="250" ind1=" " ind2=" "><marc:subfield code="a">[Another edition.]</marc:subfield></marc:datafield><marc:datafield tag="260" ind1=" " ind2=" "><marc:subfield code="c">1853.</marc:subfield></marc:datafield><marc:datafield tag="580" ind1=" " ind2=" "><marc:subfield code="a">In: Migne (J. P.) Patrologiae cursus completus, etc. tom. 146. 1844, etc. 4º.</marc:subfield></marc:datafield><marc:datafield tag="720" ind1=" " ind2=" "><marc:subfield code="a">ADAMUS, Bremensis</marc:subfield><marc:subfield code="e">main entry</marc:subfield></marc:datafield><marc:datafield tag="787" ind1="0" ind2=" "><marc:subfield code="t">[M. Adami Historia ecclesiastica, continens religionis propagatæ gesta, quæ a temporibus Karoli Magni usque ad Henricum IIII. acciderunt in ecclesia non tam Hamburgensi quam Bremensi, vicinisque locis septentrionalibus. Ejusdem autoris libellus de situ Daniæ nunc primum in lucem editus. Cura ac labore Erpoldi Lindenbruch.]</marc:subfield><marc:subfield code="d">pp. 156. [Ex officina Plantiniana: Lugduni Batavorum, 1595.] 4º.</marc:subfield><marc:subfield code="w">(Uk)MP1.0000019592</marc:subfield></marc:datafield><marc:datafield tag="852" ind1="4" ind2="1"><marc:subfield code="a">British Library</marc:subfield><marc:subfield code="b">HMNTS</marc:subfield><marc:subfield code="j">HLR270</marc:subfield></marc:datafield><marc:datafield tag="852" ind1="4" ind2="1"><marc:subfield code="a">British Library</marc:subfield><marc:subfield code="b">HMNTS</marc:subfield><marc:subfield code="j">2000.f.</marc:subfield><marc:subfield code="3">Superseded by HLR270</marc:subfield></marc:datafield><marc:datafield tag="852" ind1="4" ind2="1"><marc:subfield code="a">British Library</marc:subfield><marc:subfield code="b">HMNTS</marc:subfield><marc:subfield code="j">MSS270</marc:subfield><marc:subfield code="3">[Another copy.]</marc:subfield></marc:datafield><marc:datafield tag="852" ind1="4" ind2="1"><marc:subfield code="a">British Library</marc:subfield><marc:subfield code="b">HMNTS</marc:subfield><marc:subfield code="j">La.7-9.</marc:subfield><marc:subfield code="3">Superseded by MSS270</marc:subfield></marc:datafield></marc:record>