
<marc:record><marc:leader>00619cam a22001573  4500</marc:leader>
<marc:controlfield tag="001">000017454</marc:controlfield>
<marc:controlfield tag="003">Uk</marc:controlfield><marc:controlfield tag="005">20120224170000.0</marc:controlfield><marc:controlfield tag="008">990721|1855|||||||    ||    |||| |||||  </marc:controlfield><marc:datafield tag="040" ind1=" " ind2=" "><marc:subfield code="a">Uk</marc:subfield><marc:subfield code="c">Uk</marc:subfield></marc:datafield><marc:datafield tag="245" ind1="1" ind2="0"><marc:subfield code="a">Adami Scoti ... Opera omnia, ad fidem editionis Antwerpiensis anni 1659, in-fol., quam curavit Godefridus Ghiselbertus, typis mandata, etc.</marc:subfield></marc:datafield><marc:datafield tag="260" ind1=" " ind2=" "><marc:subfield code="c">1855.</marc:subfield></marc:datafield><marc:datafield tag="580" ind1=" " ind2=" "><marc:subfield code="a">In: Migne (J. P.) Patrologiæ cursus completus, etc. tom. 198. 1844, etc. 4º.</marc:subfield></marc:datafield><marc:datafield tag="720" ind1=" " ind2=" "><marc:subfield code="a">ADAMUS, Præmonstratensis, of Dryburgh</marc:subfield><marc:subfield code="e">main entry</marc:subfield></marc:datafield><marc:datafield tag="852" ind1="4" ind2="1"><marc:subfield code="a">British Library</marc:subfield><marc:subfield code="b">HMNTS</marc:subfield><marc:subfield code="j">HLR270</marc:subfield></marc:datafield><marc:datafield tag="852" ind1="4" ind2="1"><marc:subfield code="a">British Library</marc:subfield><marc:subfield code="b">HMNTS</marc:subfield><marc:subfield code="j">MSS270</marc:subfield><marc:subfield code="3">[Another copy.]</marc:subfield></marc:datafield></marc:record>