
<marc:record><marc:leader>00513cam a22001453  4500</marc:leader>
<marc:controlfield tag="001">000017683</marc:controlfield>
<marc:controlfield tag="003">Uk</marc:controlfield><marc:controlfield tag="005">20100419120220.0</marc:controlfield><marc:controlfield tag="008">870814|1873|||||||    ||     ||| ||eng  </marc:controlfield><marc:datafield tag="040" ind1=" " ind2=" "><marc:subfield code="a">Uk</marc:subfield><marc:subfield code="c">Uk</marc:subfield></marc:datafield><marc:datafield tag="100" ind1="1" ind2=" "><marc:subfield code="a">Adcock, John,</marc:subfield><marc:subfield code="d">1838-1919.</marc:subfield></marc:datafield><marc:datafield tag="245" ind1="1" ind2="4"><marc:subfield code="a">The Singer's Guide to Pronunciation, with an appendix consisting of a pronouncing dictionary of musical terms and the rules of Italian pronunciation.</marc:subfield></marc:datafield><marc:datafield tag="260" ind1=" " ind2=" "><marc:subfield code="a">Nottingham :</marc:subfield><marc:subfield code="b">Henry Farmer,</marc:subfield><marc:subfield code="c">[1873]</marc:subfield></marc:datafield><marc:datafield tag="300" ind1=" " ind2=" "><marc:subfield code="a">64 p. ;</marc:subfield><marc:subfield code="c">8º.</marc:subfield></marc:datafield><marc:datafield tag="852" ind1="4" ind2="1"><marc:subfield code="a">British Library</marc:subfield><marc:subfield code="b">HMNTS</marc:subfield><marc:subfield code="j">D-7897.aaa.32.</marc:subfield></marc:datafield></marc:record>