
<marc:record><marc:leader>00783cam a22001693  4500</marc:leader>
<marc:controlfield tag="001">000017694</marc:controlfield>
<marc:controlfield tag="003">Uk</marc:controlfield><marc:controlfield tag="005">20111222151700.0</marc:controlfield><marc:controlfield tag="008">870814|1893|||||||    ||     ||| |||||  </marc:controlfield><marc:datafield tag="040" ind1=" " ind2=" "><marc:subfield code="a">Uk</marc:subfield><marc:subfield code="c">Uk</marc:subfield></marc:datafield><marc:datafield tag="100" ind1="1" ind2=" "><marc:subfield code="a">ADDA, Benoît,</marc:subfield><marc:subfield code="c">and GHALIOUNGUI (Elias D.)</marc:subfield></marc:datafield><marc:datafield tag="245" ind1="1" ind2="0"><marc:subfield code="a">Droit Musulman. Le Wakf ou immobilisation d'après les principes du rite hanafite, traduit de l'arabe [and compiled mainly from the work of Muḣammad Amīn ibn 'Ābidin entitled “Al-'Uk̇ūd al-durrīyat”] par B. Adda et E. D. Ghalioungui. Suivi d'un recueil de législation et de jurisprudence.</marc:subfield></marc:datafield><marc:datafield tag="260" ind1=" " ind2=" "><marc:subfield code="a">Alexandrie,</marc:subfield><marc:subfield code="c">1893.</marc:subfield></marc:datafield><marc:datafield tag="300" ind1=" " ind2=" "><marc:subfield code="a">3 pt. ;</marc:subfield><marc:subfield code="c">8º.</marc:subfield></marc:datafield><marc:datafield tag="700" ind1="1" ind2=" "><marc:subfield code="a">GHALIOUNGUI, Elias D.</marc:subfield></marc:datafield><marc:datafield tag="852" ind1="4" ind2="1"><marc:subfield code="a">British Library</marc:subfield><marc:subfield code="b">OC</marc:subfield><marc:subfield code="j">14528.b.25.</marc:subfield></marc:datafield><marc:datafield tag="886" ind1="2" ind2=" "><marc:subfield code="2">blmarc</marc:subfield><marc:subfield code="a">709</marc:subfield><marc:subfield code="b">00</marc:subfield><marc:subfield code="a">GHALIOUNGUI</marc:subfield><marc:subfield code="h">Elias D.</marc:subfield><marc:subfield code="p">14528.b.25.</marc:subfield><marc:subfield code="x">1240520255</marc:subfield></marc:datafield></marc:record>