
<marc:record><marc:leader>00702cam a22001813  4500</marc:leader>
<marc:controlfield tag="001">000017752</marc:controlfield>
<marc:controlfield tag="003">Uk</marc:controlfield><marc:controlfield tag="005">20120223133400.0</marc:controlfield><marc:controlfield tag="008">980608|1833|||||||    ||     ||| |||||  </marc:controlfield><marc:datafield tag="040" ind1=" " ind2=" "><marc:subfield code="a">Uk</marc:subfield><marc:subfield code="c">Uk</marc:subfield></marc:datafield><marc:datafield tag="100" ind1="1" ind2=" "><marc:subfield code="a">ADDE, Petrus Adolphus.</marc:subfield></marc:datafield><marc:datafield tag="245" ind1="1" ind2="0"><marc:subfield code="a">Acta historiam regis Chistierni II. illustrantia. Quae ... præside mag. Erico Gust. Geijer ... pro gradu philosophico p.p. P. A. Adde, etc.</marc:subfield></marc:datafield><marc:datafield tag="260" ind1=" " ind2=" "><marc:subfield code="a">Upsaliæ,</marc:subfield><marc:subfield code="c">[1833]</marc:subfield></marc:datafield><marc:datafield tag="300" ind1=" " ind2=" "><marc:subfield code="a">9 p. ;</marc:subfield><marc:subfield code="c">4º.</marc:subfield></marc:datafield><marc:datafield tag="700" ind1="1" ind2=" "><marc:subfield code="a">Geijer, Erik Gustaf,</marc:subfield><marc:subfield code="d">1783-1847.</marc:subfield></marc:datafield><marc:datafield tag="720" ind1=" " ind2=" "><marc:subfield code="a">CHRISTIAN II., King of Denmark, Norway and Sweden</marc:subfield></marc:datafield><marc:datafield tag="852" ind1="4" ind2="1"><marc:subfield code="a">British Library</marc:subfield><marc:subfield code="b">HMNTS</marc:subfield><marc:subfield code="j">9425.bb.13.</marc:subfield></marc:datafield><marc:datafield tag="886" ind1="2" ind2=" "><marc:subfield code="2">blmarc</marc:subfield><marc:subfield code="a">709</marc:subfield><marc:subfield code="b">00</marc:subfield><marc:subfield code="a">CHRISTIAN II., King of Denmark, Norway and Sweden</marc:subfield><marc:subfield code="p">9425.bb.13.</marc:subfield><marc:subfield code="x">061411005X</marc:subfield></marc:datafield></marc:record>