
<marc:record><marc:leader>00592cam a22001693  4500</marc:leader>
<marc:controlfield tag="001">000017754</marc:controlfield>
<marc:controlfield tag="003">Uk</marc:controlfield><marc:controlfield tag="005">20111222151700.0</marc:controlfield><marc:controlfield tag="008">870814|1864|||||||    ||     ||| |||||  </marc:controlfield><marc:datafield tag="040" ind1=" " ind2=" "><marc:subfield code="a">Uk</marc:subfield><marc:subfield code="c">Uk</marc:subfield></marc:datafield><marc:datafield tag="100" ind1="1" ind2=" "><marc:subfield code="a">ADDE-MARGRAS, Joseph.</marc:subfield></marc:datafield><marc:datafield tag="245" ind1="1" ind2="0"><marc:subfield code="a">De cholera epidemica. Dissertatio inauguralis medico [sic], etc.</marc:subfield></marc:datafield><marc:datafield tag="260" ind1=" " ind2=" "><marc:subfield code="a">Jenae,</marc:subfield><marc:subfield code="c">[1864]</marc:subfield></marc:datafield><marc:datafield tag="300" ind1=" " ind2=" "><marc:subfield code="a">29 p. ;</marc:subfield><marc:subfield code="c">8º.</marc:subfield></marc:datafield><marc:datafield tag="700" ind1="1" ind2=" "><marc:subfield code="a">BROWN, John,</marc:subfield><marc:subfield code="c">M.D., Author of “Elements of Medicine.”.</marc:subfield></marc:datafield><marc:datafield tag="852" ind1="4" ind2="1"><marc:subfield code="a">British Library</marc:subfield><marc:subfield code="b">HMNTS</marc:subfield><marc:subfield code="j">7386.*d.(8.)</marc:subfield></marc:datafield><marc:datafield tag="886" ind1="2" ind2=" "><marc:subfield code="2">blmarc</marc:subfield><marc:subfield code="a">709</marc:subfield><marc:subfield code="b">00</marc:subfield><marc:subfield code="a">BROWN</marc:subfield><marc:subfield code="h">John</marc:subfield><marc:subfield code="f">M.D., Author of “Elements of Medicine.”</marc:subfield><marc:subfield code="p">7386.*d.(8.)</marc:subfield><marc:subfield code="x">0442530323</marc:subfield></marc:datafield></marc:record>