
<marc:record><marc:leader>00633cam a22001693  4500</marc:leader>
<marc:controlfield tag="001">000017761</marc:controlfield>
<marc:controlfield tag="003">Uk</marc:controlfield><marc:controlfield tag="005">20101223154100.0</marc:controlfield><marc:controlfield tag="008">870814|1819|||||||    ||     ||| ||eng  </marc:controlfield><marc:datafield tag="040" ind1=" " ind2=" "><marc:subfield code="a">Uk</marc:subfield><marc:subfield code="c">Uk</marc:subfield></marc:datafield><marc:datafield tag="100" ind1="1" ind2=" "><marc:subfield code="a">ADDENN, Samuel,</marc:subfield><marc:subfield code="c">Sir,</marc:subfield><marc:subfield code="c">K.P., pseud.</marc:subfield></marc:datafield><marc:datafield tag="245" ind1="1" ind2="4"><marc:subfield code="a">The Battles of Barmy Hall, a poem, in two parts. With an interlude on war, wherein the present system of war is exposed, and a new system recommended. [Preface signed: J. S.]</marc:subfield></marc:datafield><marc:datafield tag="260" ind1=" " ind2=" "><marc:subfield code="a">Leeds :</marc:subfield><marc:subfield code="b">T. Inchbold,</marc:subfield><marc:subfield code="c">[1819.].</marc:subfield></marc:datafield><marc:datafield tag="300" ind1=" " ind2=" "><marc:subfield code="a">iv. 68 p. ;</marc:subfield><marc:subfield code="c">8º.</marc:subfield></marc:datafield><marc:datafield tag="700" ind1="1" ind2=" "><marc:subfield code="a">S., J.</marc:subfield></marc:datafield><marc:datafield tag="852" ind1="4" ind2="1"><marc:subfield code="a">British Library</marc:subfield><marc:subfield code="b">HMNTS</marc:subfield><marc:subfield code="j">11641.df.5.</marc:subfield></marc:datafield><marc:datafield tag="886" ind1="2" ind2=" "><marc:subfield code="2">blmarc</marc:subfield><marc:subfield code="a">709</marc:subfield><marc:subfield code="b">00</marc:subfield><marc:subfield code="a">S.</marc:subfield><marc:subfield code="h">J.</marc:subfield><marc:subfield code="p">11641.df.5.</marc:subfield><marc:subfield code="x">2863110152</marc:subfield></marc:datafield></marc:record>