
<marc:record><marc:leader>00910cam a22001573  4500</marc:leader>
<marc:controlfield tag="001">000017784</marc:controlfield>
<marc:controlfield tag="003">Uk</marc:controlfield><marc:controlfield tag="005">20111222151700.0</marc:controlfield><marc:controlfield tag="008">870814|1861|||||||    ||     ||| |||||  </marc:controlfield><marc:datafield tag="040" ind1=" " ind2=" "><marc:subfield code="a">Uk</marc:subfield><marc:subfield code="c">Uk</marc:subfield></marc:datafield><marc:datafield tag="100" ind1="1" ind2=" "><marc:subfield code="a">ADDERLEY, Charles Bowyer,</marc:subfield><marc:subfield code="c">Baron Norton.</marc:subfield></marc:datafield><marc:datafield tag="245" ind1="1" ind2="0"><marc:subfield code="a">Letter to the Right Hon. Benjamin Disraeli, M.P., on the present relations of England with the Colonies ... With an appendix of extracts from evidence taken before the Select Committee on Colonial Military Expenditure.</marc:subfield></marc:datafield><marc:datafield tag="260" ind1=" " ind2=" "><marc:subfield code="a">London :</marc:subfield><marc:subfield code="b">Parker, Son, &amp; Bourn,</marc:subfield><marc:subfield code="c">1861.</marc:subfield></marc:datafield><marc:datafield tag="300" ind1=" " ind2=" "><marc:subfield code="a">68 p. ;</marc:subfield><marc:subfield code="c">8º.</marc:subfield></marc:datafield><marc:datafield tag="775" ind1="0" ind2=" "><marc:subfield code="t">[Letter to the Right Hon. Benjamin Disraeli, M.P., on the present relations of England with the Colonies ... With an appendix of extracts from evidence taken before the Select Committee on Colonial Military Expenditure.]</marc:subfield><marc:subfield code="d">pp. xvi. 68. Parker, Son, &amp; Bourn: London, 1862. 8º.</marc:subfield><marc:subfield code="w">(Uk)MP1.0000019981.1</marc:subfield></marc:datafield><marc:datafield tag="852" ind1="4" ind2="1"><marc:subfield code="a">British Library</marc:subfield><marc:subfield code="b">HMNTS</marc:subfield><marc:subfield code="j">8138.f.18.</marc:subfield></marc:datafield></marc:record>