
<marc:record><marc:leader>00677 am a22001693  4500</marc:leader>
<marc:controlfield tag="001">000017786</marc:controlfield>
<marc:controlfield tag="003">Uk</marc:controlfield><marc:controlfield tag="005">20091125221900.0</marc:controlfield><marc:controlfield tag="008">870814|1856|||||||    ||     ||| |||||  </marc:controlfield><marc:datafield tag="040" ind1=" " ind2=" "><marc:subfield code="a">Uk</marc:subfield><marc:subfield code="c">Uk</marc:subfield></marc:datafield><marc:datafield tag="100" ind1="1" ind2=" "><marc:subfield code="a">ADDERLEY, Charles Bowyer,</marc:subfield><marc:subfield code="c">Baron Norton.</marc:subfield></marc:datafield><marc:datafield tag="245" ind1="1" ind2="0"><marc:subfield code="a">Punishment is not Education. A review of a charge on the subject of tickets of leave, by M. D. Hill, Esq., Recorder of Birmingham.</marc:subfield></marc:datafield><marc:datafield tag="260" ind1=" " ind2=" "><marc:subfield code="a">London :</marc:subfield><marc:subfield code="b">J. W. Parker &amp; Son,</marc:subfield><marc:subfield code="c">1856.</marc:subfield></marc:datafield><marc:datafield tag="300" ind1=" " ind2=" "><marc:subfield code="a">30 p. ;</marc:subfield><marc:subfield code="c">8º.</marc:subfield></marc:datafield><marc:datafield tag="700" ind1="1" ind2=" "><marc:subfield code="a">HILL, Matthew Davenport,</marc:subfield><marc:subfield code="c">Recorder of Birmingham.</marc:subfield></marc:datafield><marc:datafield tag="852" ind1="4" ind2="1"><marc:subfield code="a">British Library</marc:subfield><marc:subfield code="b">HMNTS</marc:subfield><marc:subfield code="j">6056.b.13.</marc:subfield></marc:datafield><marc:datafield tag="886" ind1="2" ind2=" "><marc:subfield code="2">blmarc</marc:subfield><marc:subfield code="a">709</marc:subfield><marc:subfield code="b">00</marc:subfield><marc:subfield code="a">HILL</marc:subfield><marc:subfield code="h">Matthew Davenport</marc:subfield><marc:subfield code="f">Recorder of Birmingham</marc:subfield><marc:subfield code="p">6056.b.13.</marc:subfield><marc:subfield code="x">148158023X</marc:subfield></marc:datafield></marc:record>