
<marc:record><marc:leader>00712cam a22001693  4500</marc:leader>
<marc:controlfield tag="001">000017789</marc:controlfield>
<marc:controlfield tag="003">Uk</marc:controlfield><marc:controlfield tag="005">20111222151700.0</marc:controlfield><marc:controlfield tag="008">870814|1856|||||||    ||     ||| |||||  </marc:controlfield><marc:datafield tag="040" ind1=" " ind2=" "><marc:subfield code="a">Uk</marc:subfield><marc:subfield code="c">Uk</marc:subfield></marc:datafield><marc:datafield tag="100" ind1="1" ind2=" "><marc:subfield code="a">ADDERLEY, Charles Bowyer,</marc:subfield><marc:subfield code="c">Baron Norton.</marc:subfield></marc:datafield><marc:datafield tag="245" ind1="1" ind2="0"><marc:subfield code="a">Reflections on the Rev. Hook's Sermon on 'The Lord's Day.'.</marc:subfield></marc:datafield><marc:datafield tag="260" ind1=" " ind2=" "><marc:subfield code="a">London :</marc:subfield><marc:subfield code="b">J. W. Parker &amp; Son,</marc:subfield><marc:subfield code="c">1856.</marc:subfield></marc:datafield><marc:datafield tag="300" ind1=" " ind2=" "><marc:subfield code="a">14 p. ;</marc:subfield><marc:subfield code="c">8º.</marc:subfield></marc:datafield><marc:datafield tag="700" ind1="1" ind2=" "><marc:subfield code="a">HOOK, Walter Farquhar,</marc:subfield><marc:subfield code="c">Dean of Chichester.</marc:subfield><marc:subfield code="t">The Lord's Day. [A sermon on Col. ii. 16.] Second edition.</marc:subfield></marc:datafield><marc:datafield tag="852" ind1="4" ind2="1"><marc:subfield code="a">British Library</marc:subfield><marc:subfield code="b">HMNTS</marc:subfield><marc:subfield code="j">4355.a.3.</marc:subfield></marc:datafield><marc:datafield tag="886" ind1="2" ind2=" "><marc:subfield code="2">blmarc</marc:subfield><marc:subfield code="a">709</marc:subfield><marc:subfield code="b">00</marc:subfield><marc:subfield code="a">HOOK</marc:subfield><marc:subfield code="h">Walter Farquhar</marc:subfield><marc:subfield code="f">Dean of Chichester</marc:subfield><marc:subfield code="t">The Lord's Day. [A sermon on Col. ii. 16.] Second edition.</marc:subfield><marc:subfield code="p">4355.a.3.</marc:subfield><marc:subfield code="x">1521370273</marc:subfield></marc:datafield></marc:record>