
<marc:record><marc:leader>00868cam a22001693  4500</marc:leader>
<marc:controlfield tag="001">000017793</marc:controlfield>
<marc:controlfield tag="003">Uk</marc:controlfield><marc:controlfield tag="005">20111222151700.0</marc:controlfield><marc:controlfield tag="008">870814|1850|||||||    ||     ||| |||||  </marc:controlfield><marc:datafield tag="040" ind1=" " ind2=" "><marc:subfield code="a">Uk</marc:subfield><marc:subfield code="c">Uk</marc:subfield></marc:datafield><marc:datafield tag="100" ind1="1" ind2=" "><marc:subfield code="a">ADDERLEY, Charles Bowyer,</marc:subfield><marc:subfield code="c">Baron Norton.</marc:subfield></marc:datafield><marc:datafield tag="245" ind1="1" ind2="0"><marc:subfield code="a">Some Reflections on the Speech of the Rt. Hon. ... Lord John Russell on Colonial Policy.</marc:subfield></marc:datafield><marc:datafield tag="260" ind1=" " ind2=" "><marc:subfield code="a">London :</marc:subfield><marc:subfield code="b">J. W. Parker,</marc:subfield><marc:subfield code="c">1850.</marc:subfield></marc:datafield><marc:datafield tag="300" ind1=" " ind2=" "><marc:subfield code="a">30 p. ;</marc:subfield><marc:subfield code="c">8º.</marc:subfield></marc:datafield><marc:datafield tag="700" ind1="1" ind2=" "><marc:subfield code="a">Russell, John Russell,</marc:subfield><marc:subfield code="c">Earl,</marc:subfield><marc:subfield code="d">1792-1878</marc:subfield><marc:subfield code="t">Speeches, arranged chronologically. The speech ... in the House of Commons, Feb. 8, 1850, on colonial policy ... Second edition.</marc:subfield></marc:datafield><marc:datafield tag="852" ind1="4" ind2="1"><marc:subfield code="a">British Library</marc:subfield><marc:subfield code="b">HMNTS</marc:subfield><marc:subfield code="j">8154.e.44.(5.)</marc:subfield></marc:datafield><marc:datafield tag="886" ind1="2" ind2=" "><marc:subfield code="2">blmarc</marc:subfield><marc:subfield code="a">709</marc:subfield><marc:subfield code="b">00</marc:subfield><marc:subfield code="a">RUSSELL</marc:subfield><marc:subfield code="h">John</marc:subfield><marc:subfield code="f">Earl Russell</marc:subfield><marc:subfield code="t">Speeches, arranged chronologically</marc:subfield><marc:subfield code="t">The speech ... in the House of Commons, Feb. 8, 1850, on colonial policy ... Second edition.</marc:subfield><marc:subfield code="p">8154.e.44.(5.)</marc:subfield><marc:subfield code="x">2844040179</marc:subfield></marc:datafield></marc:record>