
<marc:record><marc:leader>00541cam a22001453  4500</marc:leader>
<marc:controlfield tag="001">000017797</marc:controlfield>
<marc:controlfield tag="003">Uk</marc:controlfield><marc:controlfield tag="005">20121130180400.0</marc:controlfield><marc:controlfield tag="008">870814|1877|||||||    ||     ||| |||||  </marc:controlfield><marc:datafield tag="040" ind1=" " ind2=" "><marc:subfield code="a">Uk</marc:subfield><marc:subfield code="c">Uk</marc:subfield></marc:datafield><marc:datafield tag="100" ind1="1" ind2=" "><marc:subfield code="a">ADDERLEY, Charles Bowyer,</marc:subfield><marc:subfield code="c">Baron Norton.</marc:subfield></marc:datafield><marc:datafield tag="245" ind1="1" ind2="0"><marc:subfield code="a">Continuous Railway Brakes. A letter to the Right Honourable Sir Charles Adderley, Bart., President of the Board of Trade, by “a Frequent Railway Traveller.”.</marc:subfield></marc:datafield><marc:datafield tag="260" ind1=" " ind2=" "><marc:subfield code="a">London :</marc:subfield><marc:subfield code="b">Trübner &amp; Co.,</marc:subfield><marc:subfield code="c">[1877]</marc:subfield></marc:datafield><marc:datafield tag="300" ind1=" " ind2=" "><marc:subfield code="a">15 p. ;</marc:subfield><marc:subfield code="c">8º.</marc:subfield></marc:datafield><marc:datafield tag="852" ind1="4" ind2="1"><marc:subfield code="a">British Library</marc:subfield><marc:subfield code="b">HMNTS</marc:subfield><marc:subfield code="j">8235.ee.11.(12.)</marc:subfield></marc:datafield></marc:record>