
<marc:record><marc:leader>00774cam a22001933  4500</marc:leader>
<marc:controlfield tag="001">000017810</marc:controlfield>
<marc:controlfield tag="003">Uk</marc:controlfield><marc:controlfield tag="005">20130520180000.0</marc:controlfield><marc:controlfield tag="008">870814|1900||||enk    ||     ||| |||||  </marc:controlfield><marc:datafield tag="040" ind1=" " ind2=" "><marc:subfield code="a">Uk</marc:subfield><marc:subfield code="c">Uk</marc:subfield></marc:datafield><marc:datafield tag="100" ind1="1" ind2=" "><marc:subfield code="a">ADDERLEY, James Granville,</marc:subfield><marc:subfield code="c">Hon.</marc:subfield></marc:datafield><marc:datafield tag="245" ind1="1" ind2="0"><marc:subfield code="a">Francis, the Little Poor Man of Assisi. A short story of the founder of the Brothers Minor ... With an introduction by P. Sabatier.</marc:subfield></marc:datafield><marc:datafield tag="260" ind1=" " ind2=" "><marc:subfield code="a">London :</marc:subfield><marc:subfield code="b">E. Arnold,</marc:subfield><marc:subfield code="c">1900.</marc:subfield></marc:datafield><marc:datafield tag="300" ind1=" " ind2=" "><marc:subfield code="a">167 p. ;</marc:subfield><marc:subfield code="c">8º.</marc:subfield></marc:datafield><marc:datafield tag="700" ind1="1" ind2=" "><marc:subfield code="a">SABATIER, Charles Paul Marie.</marc:subfield></marc:datafield><marc:datafield tag="700" ind1="0" ind2=" "><marc:subfield code="a">Francis,</marc:subfield><marc:subfield code="c">of Assisi, Saint,</marc:subfield><marc:subfield code="d">1182-1226</marc:subfield></marc:datafield><marc:datafield tag="852" ind1="4" ind2="1"><marc:subfield code="a">British Library</marc:subfield><marc:subfield code="b">HMNTS</marc:subfield><marc:subfield code="j">4829.c.31.</marc:subfield></marc:datafield><marc:datafield tag="886" ind1="2" ind2=" "><marc:subfield code="2">blmarc</marc:subfield><marc:subfield code="a">709</marc:subfield><marc:subfield code="b">00</marc:subfield><marc:subfield code="a">FRANCIS [Bernardoni], of Assisi, Saint</marc:subfield><marc:subfield code="p">4829.c.31.</marc:subfield><marc:subfield code="x">1140570072</marc:subfield></marc:datafield><marc:datafield tag="886" ind1="2" ind2=" "><marc:subfield code="2">blmarc</marc:subfield><marc:subfield code="a">709</marc:subfield><marc:subfield code="b">00</marc:subfield><marc:subfield code="a">SABATIER</marc:subfield><marc:subfield code="h">Charles Paul Marie</marc:subfield><marc:subfield code="p">4829.c.31.</marc:subfield><marc:subfield code="x">2864290049</marc:subfield></marc:datafield></marc:record>